2095 3065
452 124 549 172 514
797 133 799 136 ·
858 105 1481 159 GER‘AnanoANms
1517 110 1721 156 Voss‘I

455 195 502 224 ra
524 171 778 226 recensens,
805 176 923 224 inter
948 194 1000 224 ea
1035 189 1364 222 commemorat
1393 176 1564 219 Annales
1583 176 1633 220 ab
1652 176 1748 222 ‘orbe
1768 174 1916 222 condito
1931 175 2048 238 ufiJue

457 244 510 289 ad
521 242 710 304 Christum
726 245 983 291 salvatorem.
1022 238 1297 304 Composuit
1319 255 1504 304 quoque
1531 241 1706 288 annales
1731 241 1756 288 ὲ
1781 239 1963 287 Christo
1978 236 2047 289 ufi-

458 324 548 372 que
564 311 617 353 ad
630 303 697 352 sua
714 323 917 371 tempora
937 328 947 355 :
970 311 1079 356 item
1106 306 1332 353 historiam
1357 303 1426 351 sex
1441 304 1609 369 Angliae
1625 322 1813 370 regum,
1843 304 2047 369 quilibet

460 376 601 419 MSus
619 370 807 436 superest
833 374 1131 436 Cantabrigiae
1155 374 1202 418 in
1226 370 1441 433 Collegio
1461 373 1507 416 S·
1535 374 1773 418 Benedicti.
1803 376 1917 418 Item
1930 388 2048 419 cata·

456 438 611 502 logum
649 455 804 502 regum
840 438 1248 503 Angla-Saxonum
1279 438 1464 482 durante
1502 435 1772 500 heptarchia.
1846 437 2050 485 Habetur

460 509 596 551 MSus
628 507 799 551 Omnii
827 510 870 551 in
904 501 1187 552 Mettonenfi
1218 501 1441 565 Collegio.
1480 501 1881 549 Praetereaannales
1897 518 2049 567 regum

454 570 628 633 Angliae
645 604 658 623 ,
679 574 756 636 qui
775 573 797 616 a
813 570 1073 618 Comitibus
1088 565 1484 632 Andegavensibus
1506 569 1727 631 originem
1744 569 1913 614 ducunt
1933 569 2052 627 juxta

459 638 637 700 stirpem
666 635 913 684 masculam.
956 642 1008 682 ln
1039 634 1316 681 bibliotheca
1349 631 1548 698 Collegii
1579 640 1623 679 S.
1642 634 1870 681 Benedicti
1884 634 2047 681 exstare

461 704 578 767 apud
595 700 999 766 Cantabrigienses‚
1020 700 1109 747 Th.
1121 703 1271 764 james
1285 700 1439 744 auctor
1455 702 1527 746 est.
1561 703 1674 746 Item
1692 700 1862 746 Oxonii
1877 701 1926 744 in
1938 699 2052 746 Col-

459 771 579 830 legio
600 767 895 815 Mertonensi.
940 767 1106 813 Adhaec
1130 765 1422 829 appendicem
1447 767 1499 811 ad
1531 764 1782 812 Chronica,
1809 765 1887 826 qui
1912 767 1956 810 in
1970 763 2049 810 ba-

463 838 582 881 ronis
598 833 848 879 Lumleiani
866 832 1134 879 bibliotheca
1152 829 1415 877 adservatur.
1459 830 1556 876 Jmo
1570 835 1613 876 &
1630 828 1794 876 Gallice
1806 827 1968 876 librum
1988 846 2052 876 re-

464 903 594 964 liquit
623 900 676 944 de
698 903 823 962 gellis
848 898 1194 962 imperatorum,
1215 911 1387 959 regum,
1403 895 1724 959 apostolorum:
1741 896 1818 959 qui
1834 896 1968 942 MSus
1984 898 2054 942 O-

462 969 590 1015 xonii
602 965 732 1012 exstat
746 969 791 1012 in
808 965 998 1028 collegio
1013 958 1361 1026 Magdalenenfi.
1907 969 1911 973 ·
1957 980 1959 983 ·

528 1035 670 1080 Etiam
688 1033 880 1079 Eduatdi
905 1046 951 1076 11
979 1025 1471 1093 temporibus,claruifle
1487 1024 1651 1072 Balaeus
1665 1025 1810 1072 censet
1823 1030 2053 1076 THOMAM

461 1103 502 1149 C
523 1113 583 1146 As
600 1112 625 1142 T
642 1114 705 1144 ει
719 1116 740 1145 F
758 1116 787 1144 ο
808 1113 841 1143 R
856 1115 885 1144 D
906 1114 927 1142 E
961 1128 970 1144 ,
1013 1098 1273 1140 Britmnum
1302 1122 1315 1141 ‚
1355 1089 1655 1140 Ponfretenfis
1683 1086 1884 1139 coenobii·
1898 1109 2054 1141 mona·
2068 1117 2090 1154 g

463 1167 616 1214 chum·
660 1162 838 1229 Scripsit
867 1165 902 1210 is
941 1162 1180 1209 Historiam
1198 1156 1400 1205 Ponfreti
1415 1192 1428 1211 ‚
1468 1156 1553 1205 five
1587 1156 1896 1213 Pontisfraoti3
1922 1162 2052 1221 &ge-

462 1235 523 1280 sta
547 1228 607 1276 sui
632 1231 849 1277 coenobii.
889 1225 1027 1275 Orsus
1057 1241 1206 1272 autem
1222 1222 1305 1270 fuit
1323 1223 1377 1269 ab
1396 1223 1554 1271 Askeo
1567 1226 1768 1272 Saxone,
1784 1223 2051 1276 nobilivito,

463 1299 541 1362 qui
567 1295 654 1343 loci
685 1292 893 1359 poiseffor
916 1293 1085 1340 fuerat.-
1125 1308 1174 1337 ac
1196 1290 1395 1353 perduxit
1408 1287 1544 1353 usque
1562 1291 1612 1335 ad
1625 1287 1733 1334 illud
1751 1305 1943 1353 tempus,
1960 1306 2053 1353 quo

460 1360 989 1411 declinante'Laceiorum
1007 1359 1206 1406 nomine,
1223 1350 1515 1403 hereditatem
1530 1356 1675 1401 adiere
1688 1357 1876 1402 comites
1890 1358 2054 1403 Lanca-

458 1426 673 1476 strienses.
715 1425 930 1494 Agnoscit
947 1422 1181 1473 Lelandus,
1197 1418 1321 1484 supra
1334 1418 1454 1484 spem
1470 1418 1588 1467 suam
1604 1418 1643 1466 se
1658 1417 1891 1483 profecisse
1907 1436 1956 1467 ex
1979 1437 2050 1474 eo,

458 1511 592 1557 atque
609 1494 696 1540 hoc
717 1492 757 1541 se
776 1492 1122 1540 monstraturum
1136 1520 1148 1538 ,
1176 1488 1235 1533 ait
1248 1519 1261 1539 ,
1290 1488 1473 1550 quando
1492 1486 1666 1533 ciVilem
1682 1482 1910 1532 historiam
1927 1483 1972 1531 in
1986 1485 2049 1532 lu..

462 1577 561 1607 cem
579 1560 718 1606 dabit.

527 1628 568 1672 T
584 1643 614 1671 P.
632 1644 661 1673 o
679 1641 789 1674 MAs
822 1627 859 1670 L
874 1636 905 1670 A
928 1639 961 1668 N
977 1638 1003 1667 e.
1019 1638 1040 1668 F
1060 1637 1089 1667 o
1107 1635 1140 1666 R
1161 1635 1190 1664 r>
1212 1634 1234 1663 E
1252 1649 1265 1668 ‚
1302 1620 1378 1681 qui
1406 1614 1639 1664 Poss'evino
1669 1614 1815 1662 minus
1836 1616 1952 1664 redte
1976 1634 2053 1664 vo-

459 1708 582 1739 catur
600 1690 957 1756 Languefrodius
971 1720 982 1737 ,
1010 1683 1180 1749 Anglus
1196 1717 1208 1737 ,
1233 1685 1348 1732 Otd.
1379 1684 1605 1729 Praedicat·
1622 1678 1699 1727 sub
1711 1682 1873 1728 eodem
1891 1684 2054 1734 Eduar-

461 1761 522 1805 do
538 1774 639 1822 rege
654 1756 822 1810 floruit,
849 1772 898 1801 ac
913 1750 1114 1800 condidit
1128 1750 1401 1801 Chronicon
1414 1745 1668 1801 universale,
1683 1763 1794 1810 opus
1813 1748 1947 1793 etiam
1962 1747 2056 1803 lau·-

459 1826 609 1870 datum
625 1825 831 1870 Leandro
851 1820 1039 1867 Alberto
1053 1813 1326 1866 Bononiensi>
1341 1813 1420 1861 lib.
1443 1830 1460 1859 1
1471 1834 1495 1863 v
1518 1816 1570 1861 de
1584 1811 1815 1860 illustribus
1828 1812 1927 1859 viris
1942 1813 2054 1861 Ord.

459 1891 686 1937 P'raedicat.
1027 1917 1030 1923 =
1891 1894 1897 1897 ’
1956 1940 1957 1943 ¹

532 1959 652 2003 Tum
668 1970 852 2018 quoque
867 1964 958 1999 etat
994 1950 1021 1995 S
1037 1963 1066 1992 ‘r
1078 1965 1100 1994 E
1118 1965 1140 1994 P
1159 1964 1191 1993 H
1208 1964 1237 1993 A
1252 1965 1282 1995 N
1298 1964 1356 1994 us
1399 1949 1431 1993 E
1448 1962 1477 1993 Y
1492 1964 1520 1993 τ
1534 1963 1562 1992 o
1574 1960 1604 1990 N
1620 1978 1632 1995 ,
1671 1941 1757 1991 five
1773 1945 1942 1995 Edonus,
1958 1944 2053 2009 Bri:-

459 2039 635 2071 tannus„
650 2022 890 2068 canonicus
907 2013 1116 2080 regularis
1127 2010 1440 2060 Warottenfis
1454 2007 1651 2059 coenobii
1669 2043 1683 2063 ,
1700 2011 1825 2074 quod
1843 2026 1937 2055 non
1951 2008 2052 2055 lon-

457 2087 550 2152 gea
577 2090 756 2150 Crago,
787 2078 1071 2131 Eboracensis
1102 2081 1344 2144 provinciae
1369 2076 1559 2130 castello,
1574 2073 1710 2123 abest.
1755 2076 1918 2123 Litetis
1935 2073 2055 2122 bon&

457 2154 543 2201 fide
575 2152 905 2201 commendavit
929 2164 996 2195 res
1025 2146 1161 2210 gestas
1192 2147 1304 2210 regis
1323 2142 1384 2192 sui
1418 2143 1608 2191 Eduardi
1630 2157 1643 2185 ι
1659 2158 1673 2187 ι
1689 2173 1703 2192 ,
1745 2153 2052 2207 cognomento

461 2222 662 2267 Arvonii,

523 2287 682 2332 Itidem
711 2282 787 2331 sub
815 2281 904 2328 hoc
928 2295 1031 2341 rege
1053 2280 1097 2322 in
1124 2277 1269 2339 pretio
1296 2274 1419 2323 fuisse
1442 2276 1602 2322 dicitur
1641 2277 1678 2322 G
1697 2286 1788 2320 ui1.
1803 2288 1836 2318 n
1855 2289 1878 2318 ε
1896 2285 1921 2316 L
1936 2290 1975 2320 M
1992 2289 2055 2320 us

457 2351 498 2398 ,Α
517 2362 580 2396 Sit
599 2367 621 2395 ε
640 2369 666 2397 τ
683 2370 707 2398 L
725 2368 747 2396 E
776 2350 875 2412 (qui
904 2344 1093 2392 Simlero
1119 2345 1166 2388 in
1181 2342 1427 2406 appendice
1458 2339 1639 2389 Gesneri
1653 2335 1724 2386 *est
1754 2336 1946 2393 AsQIte,
1983 2336 2057 2385 sed

456 2420 708 2479 perperam)
739 2413 924 2476 scriptor
947 2412 1204 2457 Britannus,
1241 2407 1422 2472 clericus
1446 2405 1536 2453 fani
1568 2409 1615 2453 S·
1632 2403 1821 2471 Joannis
1836 2404 1952 2466 apud
1967 2406 2055 2470 Be-

453 2481 741 2531 verlacenses.
793 2481 880 2524 Hic
906 2472 1160 2539 composuit
1179 2490 1291 2534 opus
1314 2474 1584 2537 tripartitum
1616 2486 1627 2522 ¹,
1670 2474 1792 2532 cujus
1821 2482 1945 2531 parte
1970 2471 2057 2534 pri·—

450 2551 527 2594 mal
545 2550 698 2593 tractat
712 2547 765 2592 de
781 2544 910 2590 rebus
928 2537 1329 2588 Beverlacensibus-
1377 2535 1513 2587 Orsus
1544 2554 1641 2584 eam
1656 2533 1712 2582 ab
1735 2534 1931 2580 adventu
1946 2536 2057 2587 Gui-
2094 2565 2095 2568 =

449 2612 590 2659 lichni
606 2611 860 2659 Normanni
879 2638 890 2656 ‚
923 2607 999 2653 ubi
1011 2603 1277 2651 Folchardus
1292 2600 1654 2651 Dorobernenfis
1669 2597 1865 2647 deflerat.
1901 2598 2056 2646 Altera

449 2695 547 2743 pars
574 2673 834 2726 continebat
863 2689 930 2719 res
958 2670 1092 2734 gestas
1119 2668 1175 2717 ab
1192 2674 1369 2735 Joanne
1383 2660 1744 2733 ,archiepiscopo
1771 2662 2051 2777 Ebotsscenfi'²

1169 2752 1171 2754 ·
1925 2743 2054 2778 ever-

2091 2579 2095 2736 1

2090 2785 2093 2810 ί

2085 2862 2092 3065 1
