2095 3065
373 117 428 172 55
755 106 1060 159 Gratiani
1101 108 1605 160 IQANMSVOSSI

374 171 652 221 hebdomadum
664 172 790 223 libros,
804 174 1125 235 epigrammatum
1136 173 1343 236 adjet‘tione
1357 177 1525 234 condzffe.
1550 180 1616 223 Ac
1632 175 1838 225 meminit
1847 192 1969 242 quo·-

374 255 467 301 que
492 235 780 300 sequentibus
801 235 939 284 literis
968 237 1258 299 Symmachus
1274 236 1412 291 filius,
1437 257 1543 304 quas
1556 244 1724 306 primus
1738 245 1784 288 in
1803 246 1971 291 Emeum

377 306 613 350 dationum
633 302 875 350 libb,Lud.
896 303 1051 349 Carrio
1068 302 1351 365 publicijuris
1366 305 1487 353 fecit.
1519 311 1569 351 ln
1585 310 1634 354 iis
1647 307 1782 354 literis
1794 308 1968 372 aliquos

378 365 591 426 recenset,
609 385 745 432 quos,
762 372 879 416 inter
895 366 1169 418 alios,Varro
1185 365 1211 412 s
1203 371 1266 415 uis
1282 369 1437 434 elogiis
1451 372 1684 418 decorarit:
1700 375 1780 424 Ille,
1798 375 1966 436 inquit,

378 431 608 485 Platonem,
629 437 695 494 qui
708 443 805 481 Deos
818 434 882 492 esse
890 433 1093 494 persuasit:
1111 437 1174 479 ille
1183 447 1388 494 pauperem
1405 440 1584 490 Curium,
1581 439 1651 499 sed
1659 439 1838 486 divitibus
1852 442 1973 500 impe-

380 511 552 544 rantem:
568 498 634 545 ille
650 503 805 549 Severos
818 508 994 548 Catones,
1007 512 1164 561 gentem
1179 501 1359 556 Fabiam,
1372 503 1506 548 decora
1523 505 1753 564 Scipionum,
1765 517 1972 565 totumque

381 565 493 609 illum
507 566 778 626 triumphalem
803 573 1004 613 Senatum,
1015 576 1132 623 parca
1145 566 1257 610 laude
1268 567 1488 627 perscripfie.
1525 570 1632 615 Hoc
1654 570 1786 615 etiam
1802 573 1972 617 Varro-

380 631 449 675 nis
464 645 578 692 opus
592 662 604 679 ‚
635 632 744 677 item
758 646 856 692 quae
871 630 925 675 de
937 630 1084 692 po'e'tis
1099 630 1237 676 edidit
1249 659 1262 680 ‚
1290 630 1443 695 fignari
1455 630 1680 680 arbitror&
1691 637 1737 679 B.
1750 636 1975 698 Hierony-

381 709 462 739 mo
479 694 737 756 praefatione
762 693 864 740 libri
890 694 945 740 de
973 693 1274 742 Ecclesiasticis
1288 695 1600 761 scriptoribus,
1630 698 1820 746 ubiciim
1838 716 1978 763 expo-

384 756 528 805 suiffet
550 760 721 824 aliquos
749 763 1010 806 Graecorum
1031 789 1047 810 ‚
1087 762 1165 823 qui
1188 762 1243 807 de
1270 761 1392 809 claris
1414 765 1518 813 viris
1538 762 1748 827 egissent,
1772 765 1975 830 adjungit

386 825 576 872 deinde:
614 827 726 887 Apud
748 827 911 871 Latinos
933 826 1080 877 Varro,
1104 830 1266 880 Santra,
1286 837 1430 888 Nepos,
1444 832 1608 896 Hyginus
1627 862 1642 884 ,
1662 830 1719 880 .&
1730 831 1783 876 ad
1795 830 1897 893 cujus
1908 846 1975 877 nos

387 894 605 951 exemplum
618 897 674 938 lais
679 904 899 951 provocare,
919 895 964 934 T
959 894 1188 953 ranquillus·
1234 891 1401 941 Illustre
1415 896 1632 957 imprimis
1649 893 1847 959 elogium
1863 899 1977 942 Var-
2039 900 2041 902 ’

386 957 509 1001 tonis
525 956 585 1003 est
595 957 711 1021 apud
728 955 926 1002 Tullium
941 955 1022 1002 lib.
1044 971 1060 1000 1
1074 988 1084 1000 .
1113 958 1329 1004 Academ.
1350 960 1522 1023 Qaest.
1562 958 1720 1006 Ubific
1732 976 1835 1007 eum
1852 960 1984 1008 Cice-

383 1035 437 1066 ro
464 1021 731 1087 compellat:
757 1024 844 1086 Ros
868 1024 908 1067 in
939 1021 1066 1083 nostra
1079 1023 1168 1069 urbe
1179 1027 1479 1085 peregrinantes,
1498 1024 1768 1086 erranteiswe,
1784 1038 1977 1087 tanquam

385 1089 555 1149 hospites,
572 1091 629 1134 tui
641 1088 730 1133 libri
745 1085 853 1148 quast
863 1088 1019 1134 domum
1029 1089 1270 1134 deduxerunt
1283 1120 1295 1137 ‚
1317 1103 1362 1136 ut
1371 1091 1547 1151 possemus
1557 1092 1767 1152 aliquando
1781 1124 1792 1143 ,
1809 1095 1875 1151 qui
1893 1120 1908 1142 ,
1928 1095 1980 1144 ό*

384 1155 452 1198 ubi
463 1151 625 1210 essemus,
641 1153 848 1216 agnoscere.
894 1159 959 1198 Tu
979 1166 1128 1199 atatem
1139 1157 1269 1214 patria
1280 1187 1294 1206 ,
1326 1169 1370 1203 tu
1386 1155 1647 1218 descriptiones
1668 1169 1881 1216 temporum
1897 1190 1910 1210 ‚
1933 1171 1980 1204 tu

376 1218 576 1279 fiicrorum
579 1218 676 1281 jura
690 1251 703 1270 ‚
726 1231 769 1264 tu
786 1218 1030 1278 sacerdotum
1045 1248 1058 1267 ‚
1089 1231 1132 1264 tu
1147 1219 1385 1272 domesticam
1399 1254 1414 1274 ,
1430 1234 1474 1267 tu
1487 1223 1659 1269 bellicam
1672 1221 1922 1282 disciplinam,
1935 1236 1981 1269 tu

377 1284 508 1345 sedem
522 1287 729 1346 regionum,
749 1283 799 1333 ό*
816 1286 997 1332 locorum,
1014 1297 1057 1330 tu
1070 1286 1241 1330 omnium
1252 1286 1486 1337 divinarum,
1504 1289 1840 1347 humanarumque
1851 1304 1982 1335 rerum

385 1348 866 1411 nomina,genera,officia‚
888 1349 1023 1408 caussas
1033 1348 1222 1411 aperuisti:
1231 1351 1608 1415 plurimumq'3po'e'tie
1621 1352 1749 1413 nostris
1765 1385 1778 1404 ,
1793 1355 1989 1417 omninqu,

389 1416 545 1459 Latinis
567 1416 616 1463 &³
635 1417 771 1460 litteris
792 1417 946 1460 luminis
971 1418 1088 1460 attuli
1121 1417 1133 1460 i
1159 1450 1170 1469 ‚
1201 1416 1251 1464 (J
1276 1418 1421 1464 verbis:
1447 1430 1565 1476 atque
1578 1418 1649 1478 ipfie
1663 1420 1815 1463 varium
1834 1419 1883 1468 (9⁹
1904 1422 1985 1465 ele-

381 1495 482 1543 gans
509 1482 613 1525 omni
628 1480 716 1541 fere
738 1495 895 1525 numero
907 1483 1044 1540 poema
1047 1479 1184 1541 fecisti:
1197 1481 1514 1546 philofirphiamq'3
1533 1485 1664 1529 multis
1684 1486 1768 1530 locis
1782 1482 1981 1547 inchoasti,

385 1547 438 1592 ad
450 1546 719 1604 impellendum
723 1545 834 1605 fietis,
849 1546 902 1590 ad
918 1547 1126 1590 docendum
1133 1558 1290 1605 parum.

457 1609 561 1656 Post
573 1613 824 1656 Varronem
843 1627 939 1656 non
953 1610 1062 1657 alius
1074 1609 1283 1658 collocari
1298 1611 1454 1660 debuit
1465 1647 1480 1667 ,
1514 1612 1648 1679 quhm
1665 1616 1989 1662 Romanorum

389 1676 487 1740 post
502 1691 602 1721 eum
620 1673 911 1725 doffiffimus³
931 1678 983 1720 P.
1006 1678 1080 1724 Νι
1096 1695 1123 1725 G
1138 1692 1152 1721 1
1171 1693 1200 1723 1>
1217 1693 1231 1722 ι
1248 1694 1276 1723 u
1295 1695 1313 1725 s
1353 1682 1382 1724 F
1400 1697 1413 1725 1
1434 1698 1460 1727 o
1477 1696 1503 1726 u
1523 1698 1547 1726 1.
1563 1696 1592 1725 u
1607 1697 1641 1733 s,
1657 1678 1688 1726 fi
1703 1679 1842 1727 modo
1864 1681 1984 1728 inter

387 1741 620 1789 historicos
635 1742 675 1787 ei
689 1740 750 1786 est
763 1739 889 1788 loeus
907 1771 922 1791 2
942 1743 1066 1805 quod
1077 1743 1251 1806 putavit
1267 1743 1491 1791 Antonius
1507 1745 1815 1794 Riccobonus.
1865 1745 1985 1792 Mihi

389 1806 472 1853 alia
489 1822 631 1852 mens.
671 1807 770 1852 Nec
783 1806 899 1855 aliud
914 1806 1123 1870 colligere
1137 1805 1240 1854 licet
1260 1826 1311 1856 ex
1335 1808 1595 1873 fragmentis
1611 1842 1623 1861 .
1655 1827 1753 1874 quae
1770 1813 1816 1857 in
1836 1810 1993 1859 Variis,

392 1870 478 1919 suis
491 1868 645 1918 sedulae
657 1871 787 1917 instar
804 1873 897 1935 apis
910 1871 1090 1935 collegit
1104 1904 1115 1921 ‚
1137 1874 1416 1939 neecollegit
1431 1876 1591 1924 modo,
1609 1875 1680 1923 sed
1696 1878 1830 1924 etiam
1846 1875 1987 1940 diges-

389 1935 442 1983 fit
458 1951 590 1998 atque
603 1937 860 1986 emendavit
874 1971 888 1991 ,
915 1936 1212 1987 nobiliffimus
1236 1944 1282 1986 ὃς
1296 1939 1550 1990 clariffimus
1563 1944 1699 2007 Janus
1712 1941 1989 2006 Rutgerfius.

394 1999 532 2064 Aliud
557 2017 706 2050 tamen
734 2002 919 2050 statuere
934 2019 1134 2068 oportet,
1151 2002 1182 2053 fi
1202 2006 1394 2055 Annales
1406 2005 1582 2071 scripsit:
1599 2008 1722 2072 quod
1735 2009 1795 2054 ait
1810 2006 1989 2072 Popeli-

195 2109 217 2134 a
240 2099 324 2145 Pag.
393 2071 542 2119 nictus
555 2085 578 2115 a
592 2067 900 2127 lib.x⁷l1istoriae
913 2071 968 2117 de
982 2069 1219 2117 historicis.
1279 2118 1282 2119 ⁷
1699 2123 1705 2127 ‚

197 2162 354 2199 30¹·302·
460 2136 522 2181 At
546 2133 674 2197 plane
709 2132 783 2180 hic
814 2133 967 2181 locum
991 2132 1068 2181 fibi
1107 2137 1310 2186 vindicet
1356 2139 1412 2183 L.
1448 2140 1502 2184 ΖΞ
1521 2154 1544 2183 L
1564 2154 1576 2183 ι
1595 2155 1622 2184 u
1637 2156 1654 2185 s
1695 2143 1734 2187 T
1754 2159 1777 2187 u
1791 2157 1815 2186 B
1836 2156 1857 2186 E
1879 2155 1914 2187 R-
1934 2138 1993 2191 0‚'.

398 2200 590 2263 Qineti
607 2202 843 2247 Ciceronis
858 2202 904 2245 in
921 2198 1197 2264 Afialegatus
1213 2204 1290 2249 :de
1305 2220 1397 2265 quo
1413 2201 1469 2255 fic
1492 2207 1560 2250 M.
1578 2203 1751 2252 Tullius
1764 2208 1816 2253 acl
1835 2207 1991 2269 Qin-

397 2268 519 2312 <stum
531 2263 711 2312 fratrem
727 2263 804 2310 lib.
819 2280 837 2309 1
856 2266 978 2329 epist.
990 2283 1025 2313 1:
1063 2271 1307 2330 Quanquam
1337 2271 1478 2331 legatos
1490 2270 1602 2315 habes
1617 2285 1671 2315 eos
1684 2305 1696 2324 ,
1718 2275 1784 2332 qui
1797 2272 1863 2333 ipsi
1871 2286 1939 2333 per
1951 2272 1989 2331 [ὲ

399 2331 656 2390 habiturifint
672 2334 862 2378 rationem
882 2332 1168 2395 dignitatissuae:
1188 2335 1233 2378 de
1247 2334 1532 2394 quibushonore
1545 2367 1557 2386 ‚
1587 2337 1636 2385 &
1649 2336 1850 2399 dignitate,
1875 2343 1924 2387 &
1939 2355 1990 2382 οε·-

394 2408 482 2442 tate
492 2394 638 2456 prestat
660 2397 829 2443 Tubero:
855 2412 968 2457 quem
992 2414 1054 2461 ego
1074 2399 1240 2445 arbitror
1262 2400 1476 2461 (prasertim
1502 2415 1589 2446 tum
1601 2400 1746 2461 scribat
1768 2402 1992 2464 historiam)

401 2463 540 2506 multos
553 2477 600 2505 ex
605 2459 682 2520 suu
697 2463 897 2508 annalibus
912 2463 1088 2525 deligere,
1105 2479 1196 2523 quos
1209 2467 1322 2513 velit,
1344 2466 1394 2514 s&
1405 2472 1509 2524 poffit
1522 2469 1680 2513 imitari.
1720 2470 1789 2514 De
1805 2467 1920 2514 histo
1929 2469 1991 2515 ria

401 2529 495 2588 ejus
512 2525 725 2586 judicium
738 2524 823 2592 fe‘rt
836 2527 1072 2589 Dionysius
1101 2529 1329 2576 Halicarn.
1346 2528 1425 2576 lib.
1449 2548 1461 2575 ι
1488 2534 1644 2594 Αιπίς,
1663 2532 1889 2579 Rom.ubi
1906 2550 1992 2586 VO-

401 2605 524 2640 catur
550 2590 667 2658 &¹⁹3⁹
694 2591 786 2655 οἰννῖξ
815 2592 879 2654 U)
908 2593 1089 2642 νωὲλτῑιᾶ
1100 2593 1410 2658 πωοιγωγῖαἶας
1434 2594 1582 2653 ἷςυφῖοος
1601 2599 1814 2660 &dammim
1833 2601 1993 2661 virgra-

401 2662 478 2711 tit,
505 2659 621 2720 inque
643 2657 797 2724 historia
825 2662 1128 2728 coagmentanda
1153 2663 1329 2731 diligens.¹
1371 2664 1517 2710 Etiam
1545 2679 1599 2713 ex
1621 2666 1775 2714 eadem
1791 2666 2015 2777 quaedoiifin·

1882 2745 1906 2776 a
1959 2746 2004 2778 e-
