2095 3065
385 108 463 152 62·
763 104 1639 153 GERARmIoANNstossI

392 176 459 218 illa
474 173 605 220 volent
619 171 844 216 calamistris
857 173 1037 217 inurere:
1056 169 1173 229 fiznos
1186 172 1340 229 quidem
1356 174 1526 219 homines
1539 173 1563 218 Σε
1569 174 1771 233 scribendo
1799 177 2017 230 deterruit?

394 242 467 286 De
480 234 595 285 eisd&
608 240 941 284 commentariis
958 239 1130 283 Hirtius
1151 238 1211 283 ita
1226 240 1447 300 praedicat,
1469 241 1514 284 in
1528 238 1790 302 praefatione
1804 243 1905 292 libri
1920 262 2012 296 viu

395 306 450 352 de
474 303 661 351 Caesaris
678 301 800 350 bello
820 302 992 351 Gallico
1011 319 1021 347 :
1043 301 1152 350 Adeo*
1165 306 1381 363 probantur
1394 308 1567 350 ommam
1576 306 1735 358 judicio,
1753 322 2008 375 utpraerepta‚

394 388 471 418 non
486 373 643 433 praebita
662 399 675 419 ,
695 369 1119 432 facultasscriptoribm
1136 370 1328 417 videatur.
1374 373 1490 423 Cttjtts
1504 385 1636 418 tamen
1653 376 1708 419 rei
1723 376 1850 438 major
1864 383 2012 436 nostra,

392 436 515 498 quam
531 438 766 498 reliquorum
781 439 834 482 essi
849 438 1074 483 admiratio.
1122 441 1151 480 C
1152 439 1250 481 aeteri
1264 439 1366 482 enim
1382 469 1392 487 ‚
1420 436 1537 497 quzim
1553 440 1645 484 bene
1655 453 1776 501 atque
1789 445 2008 496 emendate,

392 519 459 550 nos
472 506 592 550 etiam
609 500 865 564 qutimfacile,
882 516 1002 564 atque
1015 504 1186 548 celeriter
1205 531 1218 548 2
1246 519 1304 547 eos
1315 503 1567 564 perscripserit
1579 538 1592 558 ‚
1617 504 1775 566 scimus.
1812 511 1868 557 Et
1886 525 2008 559 tanta,

393 573 497 616 cum
512 567 564 616 fit
581 571 1014 616 commentariorum
1032 564 1209 615 Caesaris
1223 570 1420 615 venustas
1434 586 1443 614 :
1481 585 1631 617 tamen
1646 573 1672 615 F
1678 571 1894 623 ranciscus
1909 577 2009 625 Flo-

393 636 515 683 ridus
545 635 739 683 Sabinus
773 651 860 682 tres
885 637 939 682 de
960 632 1080 682 bello
1108 631 1225 680 civili
1252 633 1394 682 libros
1423 634 1583 683 Caesari
1608 636 1829 701 abjudicat
1849 641 1967 690 libro
1985 657 2006 691 1

392 699 705 749 subficivarum
739 701 989 749 lection-um
1026 718 1124 765 cap.
1155 715 1259 758 111,-
1298 706 1345 747 δε
1377 704 1597 768 imprimis
1627 706 1707 751 lib.
1734 721 1771 752 ιι
1801 724 1900 773 cap.
1926 726 1940 755 1
1959 727 2001 756 ι.

393 769 494 814 Ιιῃὸ
512 771 775 818 Ludovicus
795 769 952 814 Carrio
967 784 1024 814 ne
1037 769 1222 830 quidem
1236 785 1311 815 vu
1339 768 1479 816 libros
1495 769 1549 817 de
1567 770 1687 818 bello
1703 772 1877 825 Gallico
1896 778 2005 825 Cae--

390 831 491 881 satis
510 832 593 882 effe
608 849 749 900 putat.
788 835 868 880 Uti
882 850 965 880 nec
981 835 1243 883 Ludovicus
1263 835 1495 882 Caduccus
1509 869 1521 887 ‚
1538 839 1615 900 qui
1628 838 1697 899 (ut
1713 841 1874 887 Savaro
1893 860 1976 906 pro
1985 848 2011 880 -'

392 901 505 947 didit
533 904 653 948 notis
675 904 723 946 in
739 901 911 947 Sidonii
925 899 1007 946 lib.
1032 916 1088 946 rx
1114 900 1239 963 epist.
1260 902 1385 962 xiv.)
1422 918 1536 965 opus
1558 902 1666 950 illud
1689 907 1898 954 Suetonii
1917 906 2002 959 effe

389 965 604 1028 putabat:
638 968 776 1029 idque
806 966 865 1012 ob
893 964 1028 1012 verba
1050 966 1125 1011 ista
1157 966 1407 1016 Otofiilib.
1432 983 1485 1014 vr
1520 987 1617 1033 cap.
1643 986 1700 1018 v1
1719 989 1758 1017 1.
1797 978 2003 1036 Hanc(de

390 1029 572 1080 Caesaris
606 1031 729 1079 bello
768 1031 938 1080 Gallico
966 1034 985 1093 )
1037 1034 1235 1086 historiam
1273 1036 1472 1080 Suetonius
1516 1039 1761 1098 Tranquillus
1791 1040 2002 1099 pleniffime

390 1099 591 1159 exposuit:
655 1103 756 1153 cujus
789 1115 855 1145 nos
896 1111 1146 1158 competentes
1173 1102 1432 1159 portiunculas
1457 1101 1715 1163 decerpfimm.
1780 1106 1870 1152 Sed
1898 1110 1999 1170 quis

388 1180 484 1221 non
508 1166 688 1212 credere
718 1164 842 1212 malit
869 1163 949 1227 ipfi
974 1166 1195 1211 Suetonio
1227 1163 1496 1230 Tranquillo
1529 1199 1541 1217 ‚
1584 1170 1662 1231 qui
1689 1168 1833 1216 aliena
1858 1172 1998 1236 {iger-

392 1224 532 1279 manis
557 1228 645 1289 jam
675 1229 786 1277 olim
813 1228 1014 1277 discrevit
1046 1241 1058 1275 Ξ
1103 1232 1175 1278 Sic
1194 1232 1314 1276 enim
1332 1230 1478 1278 scribit
1497 1233 1672 1298 inJulio
1691 1251 1897 1300 cap·LV1:
1919 1248 1997 1287 Re-

391 1297 564 1359 liquit&
579 1313 708 1343 rerum
714 1298 877 1358 fitarttm
894 1300 1186 1343 commentarios
1199 1328 1212 1346 ‚
1236 1301 1397 1347 Gallici,
1426 1301 1619 1361 civilisqtte
1645 1302 1730 1347 belli
1750 1305 1994 1365 Pompejani.

387 1366 507 1427 Ἄρηι
532 1365 812 1415 Alexandrini,
845 1363 1041 1425 Africique
1060 1395 1074 1417 ,
1101 1364 1151 1413 &
1177 1364 1465 1426 Hispanienfis,
1497 1368 1659 1411 incertus
1676 1372 1805 1415 titillor
1820 1370 1880 1431 cst.
1915 1374 2000 1419 Alii

389 1434 492 1477 enim
507 1429 671 1489 Oppium
680 1441 849 1489 putant,
878 1432 947 1475 alii
973 1431 1158 1491 Hirtium:
1177 1433 1245 1491 qui
1258 1432 1377 1476 etiarn
1392 1433 1531 1477 Gallici
1561 1432 1647 1477 belli
1662 1438 1903 1492 noviffimum
1916 1441 1996 1485 im·-

382 1496 667 1558 perfetittmqtte
680 1491 821 1541 librum
827 1496 1036 1555 supplevit·
1078 1497 1224 1558 Qod
1241 1494 1374 1559 siquis
1400 1513 1495 1542 non
1518 1498 1640 1544 audit
1664 1500 1997 1565 Tranquillum:

390 1578 433 1608 at
451 1559 603 1607 Tullio
618 1561 764 1607 credat
777 1599 787 1615 ,
817 1561 1076 1622 Hirtioque3
1098 1578 1294 1624 quorum
1312 1561 1452 1611 verba
1466 1563 1755 1626 Tranquillus
1771 1572 1993 1619 continuo

388 1626 626 1689 subjungit.
669 1627 819 1673 Fidem
841 1627 951 1673 item
978 1625 1137 1673 habeat
1156 1628 1392 1679 Straboni,
1419 1630 1495 1692 qui
1522 1630 1653 1676 initio
1668 1629 1773 1678 libri‘
1794 1651 1834 1682 lv
1854 1637 1995 1684 advo-

185 1710 204 1734 a
218 1698 352 1733 ermen
388 1709 456 1741 cat
481 1691 773 1755 ὼνμνήματοο
791 1710 815 1738 a
830 1695 901 1749 9ῑὲ
912 1690 1142 1752 Κοάοκρζῷυ.
1188 1695 1300 1741 Item
1317 1694 1555 1741 Plutarcho
1571 1729 1583 1747 ‚
1610 1699 1809 1759 quand0‚
1821 1718 1921 1764 ¹quae
1935 1720 1993 1752 ex

185 1743 297 1813 tasios
310 1751 359 1787 dt.
386 1759 567 1807 Caesaris
586 1760 639 1805 de
657 1757 777 1804 bello
793 1756 931 1805 Civili
947 1761 1280 1806 commentariis
1295 1761 1413 1812 citat,
1431 1776 1480 1806 ea
1496 1760 1727 1825 hodieque
1746 1764 1810 1811 ibi
1830 1766 1993 1830 legun..

184 1819 231 1865 “J-²
256 1804 371 1856 casa..
387 1841 470 1872 tur.
510 1824 678 1871 Adhaec
703 1823 925 1871 veteribus
950 1824 1099 1870 credat
1121 1826 1417 1888 grammaticis
1433 1860 1446 1878 ‚
1473 1828 1627 1889 quiex
1653 1836 1992 1883 commentariis

184 1872 244 1897 m
384 1892 471 1938 istis
487 1908 584 1954 quae
602 1891 843 1943 adducunt,
862 1887 1021 1935 Caesari
1039 1889 1259 1941 tribuunt,
1281 1908 1375 1938 non
1387 1891 1524 1938 alteri.
1570 1896 1726 1956 Qare
1749 1897 1772 1943 a
1797 1900 1836 1945 C
1844 1899 1990 1948 arrio-

384 1974 442 2004 ne
466 1958 651 2019 quidem
685 1956 848 2002 merito
877 1951 1070 2001 diffentit
1096 1954 1266 2019 Lipsius
1284 1957 1361 2004 lib.
1381 1976 1422 2004 11
1449 1958 1760 2020 Epist.Qaest.
1776 1966 1894 2028 epist.
1917 1969 1991 2022 11‚'

385 2028 432 2070 ὃς
459 2021 646 2069 Modius
667 2020 714 2066 in
740 2021 1045 2084 Novantiquis
1069 2022 1193 2085 epist.
1222 2020 1371 2070 xxxta
1402 2023 1573 2071 Sabino·
1595 2040 1744 2074 autem
1773 2027 1991 2098 discrepat

383 2089 664 2136 Camerarius
680 2088 808 2133 initio
826 2088 1054 2133 Notarum
1085 2088 1130 2133 in
1153 2103 1171 2131 1
1186 2104 1204 2133 1
1220 2104 1237 2133 1
1271 2090 1324 2136 de
1354 2088 1474 2137 bello
1492 2091 1628 2137 civili.
1666 2091 1775 2142 Haec
1793 2097 1849 2143 eo
1864 2100 1983 2153 dico,

386 2171 443 2202 ne
461 2155 691 2202 Carrionis
711 2184 725 2203 ‚
755 2168 830 2200 aut
845 2151 1008 2199 Floridi
1023 2186 1037 2205 ‚
1065 2168 1139 2200 aut
1152 2153 1329 2203 alterius
1347 2154 1601 2221 cujusquam
1616 2160 1833 2220 judicium
1848 2164 1902 2211 ab
1918 2164 1987 2214 le-

352 2279 354 2281 v
383 2222 534 2268 ctione
559 2221 992 2267 commentariorum
1021 2222 1061 2267 C
1069 2218 1203 2268 aesaris
1231 2220 1466 2270 absterreat
1489 2223 1791 2283 juventutem.
1841 2235 1980 2297 Qae,

383 2303 464 2349 pro
492 2289 662 2349 pudor,
692 2283 788 2332 satis
813 2283 1071 2350 infrequens
1098 2288 1157 2333 est
1183 2290 1228 2333 in
1253 2287 1530 2334 nobiliffimo
1545 2305 1678 2354 atque
1698 2294 1810 2341 adeo
1828 2298 1984 2348 divino

179 2365 204 2404 b
218 2370 285 2403 Eos
304 2367 357 2403 in.
379 2350 469 2400 hoc
483 2350 708 2416 scriptore.
750 2351 841 2398 Aut
858 2349 887 2397 fi
902 2351 1066 2415 quibus
1083 2353 1129 2398 in
1145 2353 1350 2401 manibus
1362 2353 1440 2407 fit,
1472 2354 1581 2403 haut
1593 2358 1679 2404 alio
1694 2358 1852 2424 legunt
1873 2362 1984 2417 fine,

177 2430 232 2458 ter
257 2424 329 2458 ca-
380 2419 515 2483 quarn
536 2419 597 2464 ob
611 2418 817 2465 eximiam
829 2420 1046 2465 Romana
1061 2417 1223 2483 linguae
1238 2422 1503 2483 puritatem,
1524 2422 1860 2492 verborumqtle
1873 2447 1985 2494 pro-

168 2473 356 2536 sm‘bwfss
379 2487 612 2549 prietatem
638 2482 855 2531 summam
876 2499 886 2530 :
914 2482 1042 2548 super
1064 2502 1157 2548 quo
1180 2500 1283 2532 ante
1311 2505 1394 2533 nos
1410 2504 1504 2533 non
1520 2485 1653 2536 semel
1669 2488 1829 2540 summi
1845 2499 1931 2544 viri
1959 2500 1984 2545 b

167 2527 359 2620 2³,ngssss
382 2549 481 2597 sunt
494 2552 743 2614 conquesti.
765 2550 873 2596 Sane
886 2566 936 2598 ex
951 2567 1007 2597 eo
1023 2550 1193 2598 haurire
1216 2553 1276 2599 est
1292 2555 1578 2600 maximarum
1592 2559 1637 2602 &
1658 2556 1984 2611 utilissimarum

171 2596 340 2674 He‘ayzriczt
376 2618 525 2664 rerum
542 2620 742 2681 copiam:
764 2632 899 2680 quam
921 2618 999 2680 qui
1019 2617 1261 2666 verborum
1281 2618 1497 2684 elegantia
1515 2625 1720 2670 contenti
1734 2626 1985 2692 negligunt,

171 2694 326 2743 Magna.
375 2684 523 2732 minus
550 2686 682 2734 etiam
706 2682 852 2749 pueris
870 2678 1070 2748 sapiunt,
1095 2686 1175 2749 qui
1192 2688 1496 2750 nunquamita
1507 2685 1547 2735 se
1564 2687 1734 2739 arboris
1745 2690 1983 2805 frondibbus

1851 2774 1880 2805 o
1918 2758 1983 2806 le·
