2095 3065
407 138 510 184 506
817 125 1138 170 GE'RARnr
1177 118 1689 167 Io'Ar-iursvossl
1898 167 1901 169 ,

412 191 626 236 Vaticana
638 187 794 235 exstare
810 184 1084 236 bibliotheca
1098 181 1171 231 hic
1197 187 1358 231 dicitur
1382 213 1393 232 ,
1426 182 1549 247 idem
1575 201 1762 250 quoque
1787 189 2014 236 monitum

418 257 458 302 ei
479 285 492 303 ‚
522 256 601 318 qui
620 256 878 302 Gratianum
897 257 998 299 cum
1012 249 1164 318 gloffis
1188 253 1326 298 edidit
1341 252 1540 297 Veneriis
1554 267 1605 298 ex
1618 255 1858 317 Juntarum
1877 252 2019 300 offici-

419 337 475 365 na
491 338 561 366 an.
583 322 800 368 clobcxv.
840 323 1055 367 Praeterea
1081 317 1186 365 vero
1220 316 1383 363 MSum
1411 318 1672 363 codicemin
1689 321 1863 365 Batavia
1883 315 2019 367 habet

417 384 696 433 Clarissimus
711 384 1073 449 dofftiffimusque
1104 386 1257 430 Petrus
1277 383 1536 428 Scriverius.
1572 384 1631 431 Is,
1659 383 1846 431 Getvafii
1866 387 2017 431 nomi-

417 468 475 498 ne
503 454 725 517 praeterito
742 486 753 505 ,
784 448 1030 514 inscribitur
1044 450 1135 495 hoc
1149 451 1279 512 pacto
1315 465 1326 493 ε
1373 450 1442 494 Κι
1461 464 1483 494 c
1498 465 1526 493 o
1540 466 1566 494 B
1586 465 1618 494 A
1639 466 1661 495 ι
1676 467 1706 495 n
1723 467 1737 496 1
1780 454 1807 497 F
1820 468 1842 497 E
1857 464 1889 495 R
1906 467 1939 497 R
1957 467 2019 497 A·

422 533 523 565 RiE
542 534 671 563 Nsis
708 520 783 564 1³0
804 536 835 563 M
855 534 920 564 Ei<
942 533 1048 563 xuM
1091 519 1124 561 E
1144 528 1398 560 ceresia
1437 516 1601 560 RAviz
1621 531 1859 563 NNATis.
1898 519 2016 563 Inci-

420 586 486 649 pit
503 599 668 632 autem‚
686 583 872 644 Instantiae
884 597 969 631 tue,
988 582 1204 630 venerande
1214 592 1325 640 pater
1342 612 1354 632 ,
1371 595 1415 625 ac
1428 580 1581 626 domine
1592 582 1760 628 Michae‘l
1770 615 1784 634 ,
1800 581 1941 642 fiznstae
1951 591 2021 629 Ec-

421 650 528 711 clefiae
555 653 789 697 Ravennatis
811 650 1074 695 archidiacone
1090 681 1101 700 ,
1128 645 1294 692 abnuere
1316 661 1475 704 nequeo.
1538 648 1609 692 De
1630 661 1756 693 aetate
1774 646 2015 712 scriptoris,

413 716 547 779 quod
561 714 926 761 ex‘Volaterrano
942 748 955 767 ‚
992 718 1036 759 δε
1050 711 1235 759 Rube0‚
1252 711 1471 760 dicebam,
1495 712 1536 756 id
1551 710 1618 757 his
1629 711 1865 759 Ricobaldi
1889 712 2021 777 ipsius

418 781 564 828 verbis
581 784 700 828 idem
721 782 885 827 amicus
901 780 1047 825 noster
1059 777 1231 842 liquido
1247 775 1511 822 adstruebat:
1529 782 1560 822 A
1572 794 1665 823 nno
1687 782 1905 829 cioccxcv
1917 813 1930 831 ‚
1962 785 2021 825 A·-

372 854 375 856 “
425 849 551 910 dulfus
567 858 716 896 Comes,
738 848 977 891 Alamannus
983 860 1140 906 genere,
1155 852 1237 890 Rex
1252 844 1463 888 Alamaniae
1485 872 1498 891 ‚
1524 852 1736 903 Imperator
1750 848 1928 907 eligitur,
1953 847 2021 906 qui

428 916 536 959 hodie
561 926 709 975 regnat.
752 914 851 959 Cur
863 911 1121 958 Pomerium
1140 907 1403 956 inscribatur
1422 936 1434 956 ³
1466 907 1558 954 haec
1574 907 1769 968 ejusdem
1784 910 2024 958 Ricobaldi

429 981 476 1024 in
501 978 759 1043 praefatione
775 975 909 1024 verba
921 977 1173 1025 ostendunt:
1211 976 1325 1024 Feci,
1351 988 1396 1019 ut
1411 976 1539 1034 quiex
1553 976 1685 1019 multis
1691 978 1869 1034 pomeriis
1875 979 2027 1037 potiora

427 1047 595 1108 eligendo
611 1060 733 1092 urium
749 1043 938 1103 consevit:
954 1041 1012 1102 fic
1036 1043 1194 1087 tandem
1209 1058 1257 1086 ex
1274 1042 1452 1100 pomeriis
1475 1041 1644 1086 virorum
1670 1040 1925 1101 praestantium
1950 1046 2025 1089 issia
2056 1099 2058 1101 Ι

420 1112 633 1173 delegerim.
672 1116 708 1154 A
703 1110 747 1173 jo
763 1126 809 1155 ex
823 1110 999 1170 pomeriis
1013 1110 1247 1173 Hieronymi,
1267 1106 1453 1165 Prospero
1468 1107 1619 1157 Mileti,
1644 1105 1774 1162 Ifidori
1789 1136 1800 1155 ,
1827 1111 2014 1170 Eutropii,
2056 1106 2058 1108 ¹

423 1179 557 1222 Paulli
574 1179 754 1228 OEiaconi,
770 1175 910 1235 Rufini,
930 1174 1039 1218 Petri
1056 1172 1240 1232 Trecenfis
1255 1205 1267 1225 ‚
1287 1172 1412 1216 Paulli
1426 1169 1547 1228 Orofii
1562 1199 1576 1217 ,
1605 1173 1655 1220 &⁴
1672 1180 1717 1217 T.
1737 1174 1848 1221 Livii
1860 1176 2022 1221 Patavi.

424 1246 481 1292 ni,
501 1259 664 1305 quorum
677 1243 816 1289 celebre
831 1255 967 1286 nomen
984 1239 1162 1284 habetur.
1183 1235 1364 1300 Qibus
1379 1238 1426 1281 in
1443 1233 1586 1282 verbis
1595 1235 1832 1285 Scriverius
1846 1237 2016 1303 ubique

421 1311 640 1370 pomarium
658 1304 867 1354 rescribit:
882 1304 1266 1367 quemadmodum
1284 1307 1330 1348 &
1343 1318 1456 1364 opus
1468 1298 1608 1364 ipsum
1623 1303 1851 1349 Pomarium
1871 1300 2019 1352 censet

420 1377 571 1423 vocari
599 1388 823 1438 oportere.
872 1373 927 1416 Et
947 1367 1041 1415 sane
1054 1371 1162 1414 ratio
1179 1401 1192 1421 ,
1220 1367 1350 1431 quaezi
1366 1364 1619 1414 Ricobaldo
1634 1366 1844 1426 adfertur,
1856 1386 2019 1433 poma7

425 1445 509 1495 rio,
533 1439 605 1487 vel
621 1454 808 1504 pomero
826 1436 1054 1482 convenit.
1095 1437 1312 1480 Pomerium
1327 1447 1476 1478 autem
1491 1433 1699 1479 Latinum
1714 1450 1809 1480 non
1834 1436 1906 1481 est.
1944 1444 2018 1482 Po-

425 1511 600 1554 moerium
615 1508 828 1551 Latinum
844 1497 1125 1565 quidem‚sed
1143 1498 1216 1545 hic
1232 1498 1383 1545 iocum
1400 1514 1493 1543 non
1508 1495 1658 1545 habet.
1696 1501 1840 1563 Magis
1866 1516 2018 1548 tamen

422 1572 677 1622 eoinclinat
692 1571 865 1616 animus
884 1595 894 1615 ‚
926 1581 975 1612 ut
992 1562 1255 1616 Ricobaldi,
1284 1563 1420 1626 qussam
1445 1561 1637 1616 librarii,
1651 1563 1824 1627 culpam
1838 1581 2013 1630 putem.

422 1642 543 1687 Nam
560 1636 665 1683 cum
684 1637 792 1681 istoc
811 1630 957 1680 seculo
971 1663 981 1681 ‚
1004 1648 1097 1694 quo
1110 1628 1384 1676 Ricobaldus
1400 1627 1602 1681 vivebat,
1632 1628 1785 1693 paffirn
1801 1635 2016 1692 pomerium

422 1722 507 1771 pro
519 1705 742 1764 pomoerium
758 1697 1017 1745 scriberetur
1034 1712 1043 1741 :
1074 1698 1301 1756 pomerium,
1316 1698 1361 1740 ὃς
1368 1697 1601 1754 pomarium,
1621 1693 1810 1755 ejusdem
1825 1729 1838 1749 ,
1865 1701 1911 1743 &
1923 1699 2016 1743 ori-

421 1773 555 1835 ginis,
582 1773 627 1814 δε
649 1766 849 1814 notionis
866 1760 950 1809 effe
965 1762 1285 1808 existimarunt.
1310 1764 1345 1805 A
1356 1760 1451 1821 tqui
1463 1762 1683 1819 pomarium
1698 1762 1880 1824 quidem
1896 1764 2020 1810 dixe⁴

421 1822 470 1883 rc
485 1850 670 1882 veteres,
687 1831 763 1878 ubi
778 1831 901 1892 pomi
917 1825 1144 1881 seruntur3
1173 1827 1250 1889 qui
1263 1824 1407 1872 locus3
1426 1825 1459 1869 C
1467 1822 1626 1871 harifio
1640 1826 1745 1883 teste
1759 1857 1772 1876 ‚
1799 1828 1933 1873 etiam
1944 1841 2017 1889 po-

421 1912 569 1948 metum
598 1912 780 1946 vocatur
807 1912 819 1942 :
860 1910 902 1940 at
924 1896 1148 1953 pomoerium
1171 1908 1221 1938 ex
1246 1907 1302 1937 eo
1319 1904 1626 1953 nuncupatum
1641 1927 1653 1946 ,
1669 1891 1856 1954 quiapost
1869 1907 2015 1947 moeros,

419 1966 513 2013 hoc
537 1966 598 2013 est
630 1979 810 2015 muros,
832 1958 967 2005 foret.
1010 1958 1080 2003 Est
1104 1972 1254 2003 autem
1269 1953 1508 2003 Ricobaldi
1521 1972 1633 2018 opus
1648 1958 1693 2003 in
1715 1954 1782 2003 sex
1797 1958 2012 2021 digestum

420 2047 578 2095 partes.
617 2031 763 2076 Prima
783 2024 838 2072 ab
862 2022 1185 2072 orbecondito
1203 2023 1258 2067 ad
1288 2019 1502 2067 diluvium
1515 2023 1821 2087 progreditur:
1839 2024 1943 2070 inde
1958 2024 2013 2077 ad

419 2096 610 2143 ,Abrahae
625 2095 899 2141 nativitatem
916 2122 930 2143 ,
954 2093 1000 2135 δε
1024 2084 1350 2151 antiquiffimos
1366 2102 1488 2150 reges
1504 2116 1515 2135 ‚
1532 2102 1779 2151 eorumque
1799 2085 2016 2136 saccello-⁶

420 2177 506 2210 res,
523 2165 599 2225 qui
614 2161 734 2220 juxta
750 2156 965 2219 temporis
981 2151 1135 2201 seriem
1151 2150 1420 2199 referuntur.
1467 2150 1620 2199 Altera
1644 2153 1704 2199 est
1718 2152 1773 2198 ab
1788 2156 2013 2202 nativitate

421 2227 613 2274 Abrahae
642 2224 776 2287 usque
792 2223 846 2268 ad
871 2221 1098 2267 conditam
1121 2221 1336 2264 Romam.
1377 2219 1529 2264 Tertia
1545 2217 1600 2263 ab
1617 2217 1744 2267 Urbe
1759 2220 1938 2266 condita
1951 2217 2017 2266 uss

421 2309 510 2356 que
523 2294 574 2338 ad
589 2289 780 2336 natalem
798 2283 982 2334 Christi.
1022 2288 1197 2346 Qarta
1212 2284 1415 2328 continet
1438 2281 1665 2329 historiam
1683 2281 1901 2330 Caesarum
1918 2287 2015 2332 Ro-

420 2372 655 2402 manorum
674 2373 687 2403 ,-
705 2353 849 2401 sedita
862 2367 910 2398 ut
926 2349 1107 2397 sub-inde
1118 2347 1198 2395 alia
1214 2346 1464 2394 admisceat.
1511 2351 1714 2411 Qincta
1728 2347 1931 2396 describit
1944 2366 2017 2396 or.

420 2422 525 2469 bem
552 2426 782 2468 terrarum.
839 2419 958 2464 Sexta
989 2431 1083 2464 tuin
1098 2410 1384 2460 successiones
1403 2443 1415 2464 ‚
1438 2418 1484 2460 ὃς
1497 2415 1612 2477 gesta
1624 2411 1895 2460 Pontificum
1913 2417 2014 2462 Ro-

416 2502 653 2533 manorum
681 2484 864 2547 exponit
889 2500 898 2527 :
937 2498 1034 2527 tum
1061 2477 1302 2526 Pontifices
1329 2476 1527 2526 recenset
1555 2494 1749 2542 quatuor
1764 2478 2012 2527 ‘illustrium

405 2549 722 2603 ‚Ecclefiarurn²
742 2546 1050 2600 Antiochenae,
1066 2541 1498 2604 Hierosolymiranae,
1517 2543 1848 2598 Alexandrinae,
1862 2547 2013 2593 &Ra-

414 2619 633 2664 vennatis·
663 2619 758 2662 Cur
772 2628 920 2660 autem
935 2609 1309 2675 Archiepiscopos
1326 2609 1750 2674 Constantinopolis
1765 2608 2012 2674 praeter'eat,

414 2684 529 2731 hanc
542 2680 684 2730 adfert
699 2678 883 2728 cauffam
899 2705 913 2728 ,
940 2677 1066 2740 quod
1083 2693 1178 2725 non
1193 2675 1248 2723 ab
1262 2675 1589 2740 Apostolorum
1601 2690 1728 2725 aetate
1746 2704 1760 2728 ‚
1780 2672 1850 2723 sed
1862 2676 1885 2722 ὲ
1896 2690 2016 2787 tebm-

1820 2755 1919 2805 pori
1956 2757 2006 2789 us
