2095 3065
452 115 531 151 ne
568 100 858 149 His-ton.
900 96 1142 147 LA’rxu.
1179 91 1305 154 Lus}
1350 93 1400 146 15
1714 115 1745 161 9

308 168 410 216 Fato
422 168 659 230 Romaefiunt
675 167 838 213 Metelli
849 164 1025 225 consules.

194 230 306 282 Fato
320 263 335 285 ‚
366 251 462 282 non
474 235 628 281 virtuti
641 230 844 285 Metelli,
858 228 1017 278 tribuit
1031 230 1213 279 Naevius
1226 264 1239 282 ‚
1257 233 1382 296 quod
1397 247 1494 279 non
1510 230 1588 281 suo
1601 231 1746 286 annog

123 299 202 352 vel
213 300 361 365 postea
377 333 392 355 ,
416 302 480 348 uti
497 298 689 358 majores
708 299 803 360 ejus
818 316 829 345 ε
855 294 929 343 sed
941 311 1044 344 ante
1056 311 1232 344 aetatem
1245 296 1345 362 lege
1359 298 1537 345 annaria
1552 296 1748 365 praefini·

132 382 228 415 tam
239 364 518 414 consulatum
533 363 638 413 esset
654 367 852 430 adeptus.
870 365 974 411 Nec
987 360 1160 427 semper
1174 367 1349 412 vacavit
1364 362 1559 413 Metellis
1574 363 1749 413 versum

129 449 355 496 teponere
380 430 520 479 versui
545 433 761 479 Naeviano
778 449 788 478 :
819 428 891 477 sed
920 429 1046 476 aliter
1073 431 1129 477 de
1156 446 1212 477 eo
1242 428 1505 494 supplicium
1535 428 1741 478 sumsere.

132 499 254 551 Nam
277 500 301 545 ὲ
328 497 600 563 primoribus
628 496 692 545 ob
718 495 1078 554 maledicentiam
1100 497 1148 542 in
1171 507 1398 544 carcerem
1412 498 1473 544 est
1488 497 1744 558 conjectus:

131 563 230 630 quo
248 561 433 630 respexit
452 563 627 611 Plautus
643 561 791 611 Milite
809 558 1041 610 Glorioso:

324 641 434 678 Nam
447 647 486 676 os
498 633 764 678 columnatum
772 633 883 691 po'e‘tae
896 627 1004 686 ineffiae
1018 628 1154 677 audivi
1171 629 1354 680 barbaro,

324 699 430 755 Quoi
446 697 524 743 bini
541 696 859 757 custodesfi’mper
873 700 962 741 totbs
977 696 1075 741 horis
1082 696 1290 742 accubant.

203 764 440 813 Sententia
452 763 529 811 est,
548 763 776 813 Naevium,
793 778 947 826 quem,
965 762 1224 807 Graecanico
1238 775 1381 812 more,
1394 757 1646 817 barbatum,
1660 762 1749 810 hoe

136 831 202 879 est
214 862 228 881 ‚
248 831 458 877 Latinum
477 829 652 893 poetam
665 861 679 882 ,
697 843 828 875 vocat
840 860 853 879 ,
875 827 900 874 ὲ
913 825 1091 874 duobus
1107 826 1313 874 custodiae
1329 824 1518 891 publicae
1530 826 1750 892 praefectis

142 897 192 943 in
202 893 572 953 Triumvitalibus
583 892 736 942 vinclis
748 892 947 941 affervari
959 924 971 942 ‚
988 908 1123 956 atque
1139 909 1242 939 eum
1259 892 1323 941 ibi
1338 893 1568 941 brachium
1587 925 1600 944 ‚
1629 892 1752 942 velut

144 963 402 1011 columnam
413 992 428 1012 ,
442 955 662 1008 suffulcire
674 974 832 1007 mento
844 991 860 1014 ,
873 960 981 1006 dum
996 956 1166 1005 fabulas
1183 956 1356 1015 scribit3
1380 961 1610 1007 Leo-ntem
1626 976 1753 1025 puta,

141 1032 192 1076 &
208 1024 432 1079 Aridum,
449 1043 555 1091 quas
569 1027 616 1072 in
634 1043 807 1073 carcere
821 1022 968 1073 fecisse
987 1059 999 1078 ,
1015 1023 1185 1071 Gellius
1196 1025 1259 1072 est
1273 1040 1403 1072 autor
1417 1023 1497 1072 lib.
1522 1041 1539 1070 1
1556 1043 1569 1071 ι
1586 1042 1606 1070 1
1618 1059 1629 1070 .
1647 1041 1747 1088 cap.

97 1093 100 1097 ’
141 1107 195 1141 v.
224 1100 376 1156 Atque
390 1091 496 1140 hinc
514 1094 648 1140 etiam
663 1093 865 1141 videmus
885 1123 899 1142 ‚
925 1092 1134 1138 Naevium
1155 1091 1298 1138 adl-,uc
1320 1089 1593 1156 superstitem
1607 1090 1749 1143 fuisse,

143 1160 248 1210 cum
268 1158 443 1207 Plautus
468 1158 665 1206 Militem
691 1156 923 1207 exhiberet
951 1154 1229 1205 Gloriosum.
1273 1161 1567 1221 Qamquam
1584 1173 1754 1211 autem,

143 1225 248 1275 etim
263 1224 554 1292 petulantiam
577 1228 624 1272 δε
644 1223 877 1272 maledicta
892 1225 1019 1271 novis
1035 1225 1083 1269 in
1097 1239 1270 1271 carcere
1285 1221 1446 1270 fabulis
1462 1222 1652 1271 diluisset
1664 1255 1678 1276 ,
1702 1221 1756 1269 li-

137 1293 318 1342 beratus
333 1291 357 1338 a
371 1290 613 1338 triumviris·
623 1288 882 1355 capitalibus
897 1288 1008 1336 fuit:
1032 1304 1185 1337 tamen
1197 1295 1243 1337 ὃς
1257 1290 1408 1355 postea
1423 1288 1656 1338 nobilibus·
1672 1322 1685 1343 ,
1701 1304 1755 1337 ae

140 1355 358 1426 praecipue
375 1354 757 1418 Metello‚‚invisus
772 1370 876 1405 erat.
909 1355 1010 1402 Imo
1026 1352 1193 1403 horum
1212 1357 1321 1403 odio
1336 1354 1488 1402 Rom&
1501 1354 1665 1421 pulsus,
1687 1355 1758 1405 U-

146 1427 245 1473 ticae
261 1422 402 1471 obiit:
430 1438 480 1470 ut
500 1425 547 1469 in
568 1422 812 1471 Chronico
846 1420 1094 1470 Eusebiano
1123 1424 1431 1485 Hieronymus
1446 1423 1599 1486 prodit
1612 1423 1665 1468 ad
1684 1424 1757 1469 O·-

145 1489 289 1555 lymp.
305 1505 452 1536 cxmv.

217 1552 627 1618 Qemadmodum
638 1570 790 1603 autem
805 1573 856 1603 ea
870 1556 930 1603 est
942 1555 1033 1602 laus
1049 1551 1214 1603 Naevii,
1231 1553 1357 1617 quod
1372 1553 1542 1617 primus
1557 1552 1755 1600 carmine

150 1619 333 1687 fignfirit
349 1619 520 1668 bellurn
533 1623 797 1668 Romanurn
817 1635 830 1673 3
854 1625 901 1668 &
917 1619 1106 1668 luculente}
1118 1621 1318 1684 quidem,
1338 1636 1387 1666 ur
1399 1622 1459 1666 ait
1476 1624 1546 1667 M.
1566 1617 1759 1672 Tullius,

144 1689 197 1739 in
210 1690 349 1735 Btuto
360 1702 406 1750 p.
417 1686 513 1734 162:
527 1687 588 1733 ita
606 1687 757 1734 Ennio
770 1686 1133 1750 debemus,quod
1146 1702 1241 1733 non
1261 1684 1409 1750 paullo
1426 1686 1470 1731 id
1487 1683 1669 1751 politius
1686 1681 1755 1731 Εε-

152 1754 289 1802 ecrit,
318 1755 367 1797 δε
383 1749 621 1817 Ρετῖεᾶἰὺε
639 1769 649 1798 :
677 1753 814 1816 idque
833 1786 847 1805 ,
868 1767 917 1798 ut
934 1751 1129 1817 superius
1153 1754 1369 1815 coepimus
1385 1753 1551 1803 dicere,
1564 1748 1761 1798 versibus

152 1817 343 1867 heroicis
373 1836 384 1865 ε
423 1815 484 1866 ob
517 1834 715 1883 quorum
744 1818 1018 1880 majestatem
1040 1820 1101 1865 ita
1115 1833 1219 1865 eum
1238 1815 1433 1865 celebrat
1463 1817 1700 1864 Lucretius
1712 1817 1759 1865 in

148 1900 316 1948 ptimo:

296 1953 439 1998 Ennius
453 1963 499 1997 ut
511 1949 632 2012 noster
643 1952 793 2008 cecinit,
803 1953 870 2012 qui
884 1953 1029 2013 primus
1038 1968 1188 1999 amoeno

223 2077 227 2080 ῃ
296 2019 453 2064 Detulit
465 2032 514 2062 ex
529 2019 716 2063 Helicone
724 2021 883 2078 perenni
887 2017 1032 2079 fronde
1041 2033 1237 2066 coronam.

222 2085 278 2130 Et
303 2082 481 2142 auctori
502 2084 751 2146 panegyrici
762 2083 1049 2130 'Maximiano
1081 2087 1204 2148 Aug.
1233 2082 1338 2130 dieti
1353 2118 1368 2138 ,
1392 2098 1583 2132 vocatur
1592 2087 1759 2133 Romani

153 2151 334 2198 carminis
340 2150 485 2208 primm
495 2152 648 2194 auster:
681 2164 731 2196 ut
743 2150 860 2196 reete
874 2149 1029 2214 legunt
1043 2152 1123 2196 viri
1141 2150 1318 2197 eruditi.
1356 2150 1649 2214 Neque‚quia
1665 2167 1758 2198 car-

157 2215 282 2261 mine
298 2211 461 2277 scripsit
481 2244 493 2263 ,
510 2213 566 2260 εὸ
582 2216 695 2260 inter
708 2214 942 2262 historicos
959 2215 1128 2262 illinon
1144 2214 1196 2261 fit
1210 2215 1351 2262 locus.
1394 2218 1515 2262 Nam
1528 2214 1756 2265 historiam

154 2281 357 2329 >carmine
377 2276 572 2342 fignavit.
591 2277 846 2344 .Uudeipse
859 2280 966 2330 dese
983 2284 1031 2327 in
1053 2280 1296 2328 Annalium
1310 2283 1486 2348 ptimo:

302 2345 470 2403 Horrida
481 2343 704 2392 Romuleam
716 2351 930 2396 certamina
939 2361 1063 2412 pango
1076 2345 1242 2395 duellam
1250 2379 1262 2392 .

158 2413 306 2461 Item:

303 2479 421 2542 Qm
434 2479 543 2524 Latii
552 2480 675 2540 popoli
692 2496 763 2536 res,
773 2494 892 2544 atque
902 2479 1083 2543 poemata
1097 2476 1243 2540 nostra,

305 2547 544 2590 Cluv'ebunt.

162 2605 224 2669 Et
235 2608 282 2655 in
293 2609 526 2674 epitaphio*
533 2606 611 2656 suo
626 2610 689 2656 ita
700 2612 936 2659 Romanos
950 2611 1190 2675 compellat
1204 2631 1216 2661 :

306 2676 377 2722 Hic
388 2673 552 2738 vestram
557 2679 701 2738 panxit
715 2679 1011 2743 maximafac‘ta
1021 2690 1196 2739 patrum.
1747 2709 1751 2712 ι

959 2745 1020 2792 Βγ
1480 2782 1484 2785 »
1664 2745 1772 2794 Nee
