<?xml version="1.0" encoding="UTF-8"?>
<!DOCTYPE html PUBLIC "-//W3C//DTD XHTML 1.0 Transitional//EN"
    "http://www.w3.org/TR/xhtml1/DTD/xhtml1-transitional.dtd">
<html xmlns="http://www.w3.org/1999/xhtml" xml:lang="en" lang="en">
 <head>
  <title>
</title>
<meta http-equiv="Content-Type" content="text/html;charset=utf-8" />
  <meta name='ocr-system' content='tesseract 3.04.00' />
  <meta name='ocr-capabilities' content='ocr_page ocr_carea ocr_par ocr_line ocrx_word'/>
</head>
<body>
  <div class='ocr_page' id='page_1' title='image "./gerardijoannisvo00voss_0025.png"; bbox 0 0 2095 3065; ppageno 0'>
   <div class='ocr_carea' id='block_1_1' title="bbox 147 162 1302 299">
    <p class='ocr_par' dir='ltr' id='par_1_1' title="bbox 147 162 1302 299">
     <span class='ocr_line' id='line_1_1' title="bbox 147 162 1183 233; baseline 0.003 -19"><span class='ocrx_word' id='word_1_1' title='bbox 147 211 150 214; x_wconf 89' lang='lat'>.</span> <span class='ocrx_word' id='word_1_2' title='bbox 189 168 328 217; x_wconf 90' lang='lat' dir='ltr'>Nunc</span> <span class='ocrx_word' id='word_1_3' title='bbox 342 163 422 214; x_wconf 91' lang='lat' dir='ltr'>ubi</span> <span class='ocrx_word' id='word_1_4' title='bbox 433 162 585 213; x_wconf 86' lang='lat' dir='ltr'>felices</span> <span class='ocrx_word' id='word_1_5' title='bbox 602 163 776 216; x_wconf 80' lang='lat' dir='ltr'>calami,</span> <span class='ocrx_word' id='word_1_6' title='bbox 793 164 995 233; x_wconf 89' lang='lat' dir='ltr'>cultique</span> <span class='ocrx_word' id='word_1_7' title='bbox 1010 165 1152 217; x_wconf 81' lang='lat' dir='ltr'>libelli</span> <span class='ocrx_word' id='word_1_8' title='bbox 1165 168 1183 222; x_wconf 77' lang='grc'>,’</span> 
     </span>
     <span class='ocr_line' id='line_1_2' title="bbox 257 230 1302 299; baseline 0.004 -17"><span class='ocrx_word' id='word_1_9' title='bbox 257 234 550 296; x_wconf 85' lang='lat' dir='ltr'>Nominaquc</span> <span class='ocrx_word' id='word_1_10' title='bbox 565 233 613 278; x_wconf 91' lang='lat' dir='ltr'>in</span> <span class='ocrx_word' id='word_1_11' title='bbox 628 230 790 281; x_wconf 83' lang='lat' dir='ltr'>tabulis</span> <span class='ocrx_word' id='word_1_12' title='bbox 804 230 964 299; x_wconf 88' lang='lat' dir='ltr'>scripta</span> <span class='ocrx_word' id='word_1_13' title='bbox 982 238 1174 285; x_wconf 85' lang='lat' dir='ltr'>Moneta</span> <span class='ocrx_word' id='word_1_14' title='bbox 1187 237 1302 286; x_wconf 78' lang='lat' dir='ltr'>tuis?</span> 
     </span>
    </p>
   </div>
   <div class='ocr_carea' id='block_1_2' title="bbox 184 299 1474 367">
    <p class='ocr_par' dir='ltr' id='par_1_2' title="bbox 184 299 1474 367">
     <span class='ocr_line' id='line_1_3' title="bbox 184 299 1474 367; baseline 0.009 -21"><span class='ocrx_word' id='word_1_15' title='bbox 184 303 306 365; x_wconf 86' lang='lat' dir='ltr'>Qae</span> <span class='ocrx_word' id='word_1_16' title='bbox 319 299 483 348; x_wconf 87' lang='lat' dir='ltr'>chorus</span> <span class='ocrx_word' id='word_1_17' title='bbox 497 300 644 347; x_wconf 89' lang='lat' dir='ltr'>omnis</span> <span class='ocrx_word' id='word_1_18' title='bbox 661 315 799 349; x_wconf 81' lang='lat' dir='ltr'>amet,</span> <span class='ocrx_word' id='word_1_19' title='bbox 816 300 1076 366; x_wconf 86' lang='lat' dir='ltr'>relegatque</span> <span class='ocrx_word' id='word_1_20' title='bbox 1091 305 1318 353; x_wconf 89' lang='lat' dir='ltr'>venustior</span> <span class='ocrx_word' id='word_1_21' title='bbox 1335 306 1474 367; x_wconf 38' lang='lat' dir='ltr'>orbi&amp;</span> 
     </span>
    </p>
   </div>
   <div class='ocr_carea' id='block_1_3' title="bbox 177 364 1327 2158">
    <p class='ocr_par' dir='ltr' id='par_1_3' title="bbox 177 364 1327 1887">
     <span class='ocr_line' id='line_1_4' title="bbox 258 364 1148 436; baseline 0.003 -21"><span class='ocrx_word' id='word_1_22' title='bbox 258 369 326 417; x_wconf 86' lang='lat' dir='ltr'>Ut</span> <span class='ocrx_word' id='word_1_23' title='bbox 341 368 468 431; x_wconf 76' lang='lat' dir='ltr'>queis</span> <span class='ocrx_word' id='word_1_24' title='bbox 482 364 680 413; x_wconf 88' lang='lat' dir='ltr'>facundo</span> <span class='ocrx_word' id='word_1_25' title='bbox 697 369 889 432; x_wconf 86' lang='lat' dir='ltr'>contigit</span> <span class='ocrx_word' id='word_1_26' title='bbox 903 386 983 417; x_wconf 89' lang='lat' dir='ltr'>ore</span> <span class='ocrx_word' id='word_1_27' title='bbox 998 369 1148 436; x_wconf 87' lang='lat' dir='ltr'>loqui.</span> 
     </span>
     <span class='ocr_line' id='line_1_5' title="bbox 188 431 1269 500; baseline 0.004 -18"><span class='ocrx_word' id='word_1_28' title='bbox 188 438 246 485; x_wconf 89' lang='lat' dir='ltr'>Et</span> <span class='ocrx_word' id='word_1_29' title='bbox 259 436 337 497; x_wconf 87' lang='lat' dir='ltr'>qui</span> <span class='ocrx_word' id='word_1_30' title='bbox 350 431 576 481; x_wconf 85' lang='lat' dir='ltr'>sollertem</span> <span class='ocrx_word' id='word_1_31' title='bbox 599 432 777 481; x_wconf 86' lang='lat' dir='ltr'>Phoebo</span> <span class='ocrx_word' id='word_1_32' title='bbox 795 438 978 500; x_wconf 81' lang='lat' dir='ltr'>junxere</span> <span class='ocrx_word' id='word_1_33' title='bbox 995 439 1269 497; x_wconf 82' lang='lat' dir='ltr'>Minervam,</span> 
     </span>
     <span class='ocr_line' id='line_1_6' title="bbox 251 499 1225 565; baseline 0.005 -17"><span class='ocrx_word' id='word_1_34' title='bbox 251 501 494 565; x_wconf 83' lang='lat' dir='ltr'><strong>Temporis</strong></span> <span class='ocrx_word' id='word_1_35' title='bbox 509 499 749 548; x_wconf 86' lang='lat' dir='ltr'>horrorem</span> <span class='ocrx_word' id='word_1_36' title='bbox 765 517 921 549; x_wconf 89' lang='lat' dir='ltr'>caetera</span> <span class='ocrx_word' id='word_1_37' title='bbox 932 502 1063 550; x_wconf 84' lang='lat' dir='ltr'>turba</span> <span class='ocrx_word' id='word_1_38' title='bbox 1078 504 1225 553; x_wconf 75' lang='lat' dir='ltr'>trahit.</span> 
     </span>
     <span class='ocr_line' id='line_1_7' title="bbox 186 564 1218 635; baseline 0.005 -21"><span class='ocrx_word' id='word_1_39' title='bbox 186 565 409 619; x_wconf 85' lang='lat' dir='ltr'>Offendas</span> <span class='ocrx_word' id='word_1_40' title='bbox 420 567 557 631; x_wconf 85' lang='lat' dir='ltr'>igitur</span> <span class='ocrx_word' id='word_1_41' title='bbox 573 567 710 616; x_wconf 83' lang='lat' dir='ltr'>Latiae</span> <span class='ocrx_word' id='word_1_42' title='bbox 723 564 754 613; x_wconf 82' lang='lat' dir='ltr'>fi</span> <span class='ocrx_word' id='word_1_43' title='bbox 768 569 955 616; x_wconf 87' lang='lat' dir='ltr'>crimina</span> <span class='ocrx_word' id='word_1_44' title='bbox 967 569 1147 635; x_wconf 71' lang='lat' dir='ltr'>linguae,</span> <span class='ocrx_word' id='word_1_45' title='bbox 1180 609 1183 610; x_wconf 20' lang='grc' dir='ltr'><em>ν</em></span> <span class='ocrx_word' id='word_1_46' title='bbox 1215 623 1218 627; x_wconf 58' lang='grc'>,</span> 
     </span>
     <span class='ocr_line' id='line_1_8' title="bbox 252 635 1160 702; baseline 0.004 -20"><span class='ocrx_word' id='word_1_47' title='bbox 252 637 422 687; x_wconf 86' lang='lat' dir='ltr'>Roma,</span> <span class='ocrx_word' id='word_1_48' title='bbox 437 650 524 682; x_wconf 91' lang='lat' dir='ltr'>nec</span> <span class='ocrx_word' id='word_1_49' title='bbox 537 635 697 683; x_wconf 61' lang='lat' dir='ltr'>exaero</span> <span class='ocrx_word' id='word_1_50' title='bbox 713 636 902 683; x_wconf 86' lang='lat' dir='ltr'>nomine</span> <span class='ocrx_word' id='word_1_51' title='bbox 919 635 1018 684; x_wconf 87' lang='lat' dir='ltr'>cusa</span> <span class='ocrx_word' id='word_1_52' title='bbox 1034 652 1160 702; x_wconf 89' lang='lat' dir='ltr'>typo,</span> 
     </span>
     <span class='ocr_line' id='line_1_9' title="bbox 185 700 1226 764; baseline 0.003 -13"><span class='ocrx_word' id='word_1_53' title='bbox 185 702 531 764; x_wconf 74' lang='lat' dir='ltr'>stridoremque</span> <span class='ocrx_word' id='word_1_54' title='bbox 546 702 624 750; x_wconf 85' lang='lat' dir='ltr'>aevi</span> <span class='ocrx_word' id='word_1_55' title='bbox 637 702 786 764; x_wconf 89' lang='lat' dir='ltr'>primo</span> <span class='ocrx_word' id='word_1_56' title='bbox 801 702 856 749; x_wconf 91' lang='lat' dir='ltr'>de</span> <span class='ocrx_word' id='word_1_57' title='bbox 871 700 986 750; x_wconf 89' lang='lat' dir='ltr'>flore</span> <span class='ocrx_word' id='word_1_58' title='bbox 1001 706 1199 754; x_wconf 85' lang='lat' dir='ltr'>cadentis</span> <span class='ocrx_word' id='word_1_59' title='bbox 1212 720 1226 754; x_wconf 90' lang='grc'>.·</span> 
     </span>
     <span class='ocr_line' id='line_1_10' title="bbox 257 764 1224 836; baseline 0 -20"><span class='ocrx_word' id='word_1_60' title='bbox 257 772 332 816; x_wconf 88' lang='lat' dir='ltr'>Da</span> <span class='ocrx_word' id='word_1_61' title='bbox 343 767 538 817; x_wconf 83' lang='lat' dir='ltr'>veniam,</span> <span class='ocrx_word' id='word_1_62' title='bbox 555 764 729 831; x_wconf 86' lang='lat' dir='ltr'>hosque</span> <span class='ocrx_word' id='word_1_63' title='bbox 742 768 829 816; x_wconf 66' lang='lat' dir='ltr'>una</span> <span class='ocrx_word' id='word_1_64' title='bbox 844 783 888 816; x_wconf 88' lang='lat' dir='ltr'>te</span> <span class='ocrx_word' id='word_1_65' title='bbox 900 767 1084 818; x_wconf 88' lang='lat' dir='ltr'>voluisse</span> <span class='ocrx_word' id='word_1_66' title='bbox 1101 788 1224 836; x_wconf 78' lang='lat' dir='ltr'>puta.</span> 
     </span>
     <span class='ocr_line' id='line_1_11' title="bbox 186 831 1136 900; baseline -0.002 -13"><span class='ocrx_word' id='word_1_67' title='bbox 186 839 252 887; x_wconf 88' lang='lat' dir='ltr'>At</span> <span class='ocrx_word' id='word_1_68' title='bbox 265 849 393 883; x_wconf 89' lang='lat' dir='ltr'>tanto</span> <span class='ocrx_word' id='word_1_69' title='bbox 405 834 563 883; x_wconf 82' lang='lat' dir='ltr'>reddes</span> <span class='ocrx_word' id='word_1_70' title='bbox 573 831 605 880; x_wconf 85' lang='lat' dir='ltr'>fi</span> <span class='ocrx_word' id='word_1_71' title='bbox 618 835 796 898; x_wconf 86' lang='lat' dir='ltr'>praemia</span> <span class='ocrx_word' id='word_1_72' title='bbox 812 834 946 900; x_wconf 87' lang='lat' dir='ltr'>digna</span> <span class='ocrx_word' id='word_1_73' title='bbox 958 834 1136 889; x_wconf 88' lang='lat' dir='ltr'>labore,</span> 
     </span>
     <span class='ocr_line' id='line_1_12' title="bbox 252 896 1108 966; baseline 0 -16"><span class='ocrx_word' id='word_1_74' title='bbox 252 907 350 950; x_wconf 88' lang='lat' dir='ltr'>Iam</span> <span class='ocrx_word' id='word_1_75' title='bbox 364 896 499 946; x_wconf 89' lang='lat' dir='ltr'>VossI</span> <span class='ocrx_word' id='word_1_76' title='bbox 513 901 665 948; x_wconf 88' lang='lat' dir='ltr'>medio</span> <span class='ocrx_word' id='word_1_77' title='bbox 679 898 808 947; x_wconf 87' lang='lat' dir='ltr'>stabit</span> <span class='ocrx_word' id='word_1_78' title='bbox 822 900 973 966; x_wconf 85' lang='lat' dir='ltr'>imago</span> <span class='ocrx_word' id='word_1_79' title='bbox 985 903 1108 950; x_wconf 75' lang='lat' dir='ltr'>foro.</span> 
     </span>
     <span class='ocr_line' id='line_1_13' title="bbox 177 965 1167 1032; baseline 0.007 -20"><span class='ocrx_word' id='word_1_80' title='bbox 177 970 265 1019; x_wconf 71' lang='lat' dir='ltr'>,An</span> <span class='ocrx_word' id='word_1_81' title='bbox 281 965 365 1015; x_wconf 88' lang='lat' dir='ltr'>tibi</span> <span class='ocrx_word' id='word_1_82' title='bbox 381 965 576 1030; x_wconf 67' lang='lat' dir='ltr'>Tarpejfi</span> <span class='ocrx_word' id='word_1_83' title='bbox 589 965 747 1014; x_wconf 86' lang='lat' dir='ltr'>melius</span> <span class='ocrx_word' id='word_1_84' title='bbox 763 983 962 1032; x_wconf 88' lang='lat' dir='ltr'>ponetur</span> <span class='ocrx_word' id='word_1_85' title='bbox 974 969 1020 1015; x_wconf 91' lang='lat' dir='ltr'>in</span> <span class='ocrx_word' id='word_1_86' title='bbox 1041 986 1141 1019; x_wconf 87' lang='lat' dir='ltr'>arce</span> <span class='ocrx_word' id='word_1_87' title='bbox 1154 1004 1167 1023; x_wconf 89' lang='lat'>,</span> 
     </span>
     <span class='ocr_line' id='line_1_14' title="bbox 251 1031 1162 1094; baseline 0.002 -11"><span class='ocrx_word' id='word_1_88' title='bbox 251 1032 397 1083; x_wconf 89' lang='lat' dir='ltr'>Dulce</span> <span class='ocrx_word' id='word_1_89' title='bbox 410 1034 658 1081; x_wconf 88' lang='lat' dir='ltr'>Iuventatis</span> <span class='ocrx_word' id='word_1_90' title='bbox 672 1031 876 1081; x_wconf 86' lang='lat' dir='ltr'>claudere</span> <span class='ocrx_word' id='word_1_91' title='bbox 891 1033 1000 1094; x_wconf 71' lang='lat' dir='ltr'>juffiz</span> <span class='ocrx_word' id='word_1_92' title='bbox 1012 1033 1125 1084; x_wconf 85' lang='lat' dir='ltr'>latus</span> <span class='ocrx_word' id='word_1_93' title='bbox 1140 1033 1162 1085; x_wconf 57' lang='grc' dir='ltr'><em>ἕ</em></span> 
     </span>
     <span class='ocr_line' id='line_1_15' title="bbox 182 1098 1137 1167; baseline 0.001 -17"><span class='ocrx_word' id='word_1_94' title='bbox 182 1104 270 1153; x_wconf 86' lang='lat' dir='ltr'>Seu</span> <span class='ocrx_word' id='word_1_95' title='bbox 283 1098 438 1167; x_wconf 66' lang='lat' dir='ltr'>potitis</span> <span class='ocrx_word' id='word_1_96' title='bbox 451 1098 541 1148; x_wconf 87' lang='lat' dir='ltr'>divi</span> <span class='ocrx_word' id='word_1_97' title='bbox 561 1098 776 1147; x_wconf 87' lang='lat' dir='ltr'>Custodis</span> <span class='ocrx_word' id='word_1_98' title='bbox 793 1115 921 1148; x_wconf 86' lang='lat' dir='ltr'>more</span> <span class='ocrx_word' id='word_1_99' title='bbox 938 1100 1109 1151; x_wconf 88' lang='lat' dir='ltr'>sedebit</span> <span class='ocrx_word' id='word_1_100' title='bbox 1122 1115 1137 1151; x_wconf 72' lang='grc' dir='ltr'>Ξ</span> 
     </span>
     <span class='ocr_line' id='line_1_16' title="bbox 255 1164 1127 1223; baseline -0.002 -6"><span class='ocrx_word' id='word_1_101' title='bbox 255 1170 296 1217; x_wconf 94' lang='lat' dir='ltr'>C</span> <span class='ocrx_word' id='word_1_102' title='bbox 306 1165 493 1223; x_wconf 11' lang='lat' dir='ltr'>olnvenit</span> <span class='ocrx_word' id='word_1_103' title='bbox 507 1170 554 1214; x_wconf 76' lang='grc' dir='ltr'>δε</span> <span class='ocrx_word' id='word_1_104' title='bbox 566 1165 738 1213; x_wconf 88' lang='lat' dir='ltr'>meritis</span> <span class='ocrx_word' id='word_1_105' title='bbox 757 1164 874 1214; x_wconf 90' lang='lat' dir='ltr'>illius</span> <span class='ocrx_word' id='word_1_106' title='bbox 886 1167 963 1216; x_wconf 87' lang='lat' dir='ltr'>iste</span> <span class='ocrx_word' id='word_1_107' title='bbox 984 1166 1127 1218; x_wconf 88' lang='lat' dir='ltr'>locus.</span> 
     </span>
     <span class='ocr_line' id='line_1_17' title="bbox 183 1227 1327 1300; baseline 0.003 -17"><span class='ocrx_word' id='word_1_108' title='bbox 183 1237 400 1300; x_wconf 89' lang='lat' dir='ltr'>Namque</span> <span class='ocrx_word' id='word_1_109' title='bbox 421 1230 696 1280; x_wconf 87' lang='lat' dir='ltr'>recensendo</span> <span class='ocrx_word' id='word_1_110' title='bbox 709 1247 782 1280; x_wconf 89' lang='lat' dir='ltr'>tot</span> <span class='ocrx_word' id='word_1_111' title='bbox 803 1227 955 1282; x_wconf 87' lang='lat' dir='ltr'>debita</span> <span class='ocrx_word' id='word_1_112' title='bbox 969 1238 1157 1283; x_wconf 87' lang='lat' dir='ltr'>nomina</span> <span class='ocrx_word' id='word_1_113' title='bbox 1172 1236 1299 1288; x_wconf 77' lang='lat' dir='ltr'>famae</span> <span class='ocrx_word' id='word_1_114' title='bbox 1315 1270 1327 1291; x_wconf 78' lang='lat'><strong><em>&gt;</em></strong></span> 
     </span>
     <span class='ocr_line' id='line_1_18' title="bbox 249 1296 1226 1364; baseline 0.002 -15"><span class='ocrx_word' id='word_1_115' title='bbox 249 1304 334 1349; x_wconf 92' lang='lat' dir='ltr'>Per</span> <span class='ocrx_word' id='word_1_116' title='bbox 347 1316 446 1364; x_wconf 84' lang='lat' dir='ltr'>quae</span> <span class='ocrx_word' id='word_1_117' title='bbox 461 1301 726 1347; x_wconf 88' lang='lat' dir='ltr'>Romanum</span> <span class='ocrx_word' id='word_1_118' title='bbox 740 1296 876 1364; x_wconf 85' lang='lat' dir='ltr'>surgit</span> <span class='ocrx_word' id='word_1_119' title='bbox 887 1301 934 1347; x_wconf 92' lang='lat' dir='ltr'>in</span> <span class='ocrx_word' id='word_1_120' title='bbox 947 1302 1055 1349; x_wconf 85' lang='lat' dir='ltr'>astra</span> <span class='ocrx_word' id='word_1_121' title='bbox 1067 1304 1200 1351; x_wconf 90' lang='lat' dir='ltr'>decus</span> <span class='ocrx_word' id='word_1_122' title='bbox 1213 1325 1226 1360; x_wconf 91' lang='lat'>;</span> 
     </span>
     <span class='ocr_line' id='line_1_19' title="bbox 183 1364 1274 1435; baseline 0.003 -20"><span class='ocrx_word' id='word_1_123' title='bbox 183 1366 521 1433; x_wconf 85' lang='lat' dir='ltr'>Qottidieque</span> <span class='ocrx_word' id='word_1_124' title='bbox 535 1365 677 1430; x_wconf 84' lang='lat' dir='ltr'>magis</span> <span class='ocrx_word' id='word_1_125' title='bbox 690 1364 939 1430; x_wconf 88' lang='lat' dir='ltr'>juvenescit</span> <span class='ocrx_word' id='word_1_126' title='bbox 954 1367 1098 1432; x_wconf 88' lang='lat' dir='ltr'>gloria</span> <span class='ocrx_word' id='word_1_127' title='bbox 1111 1368 1274 1435; x_wconf 83' lang='lat' dir='ltr'>prisca,-</span> 
     </span>
     <span class='ocr_line' id='line_1_20' title="bbox 247 1430 1303 1496; baseline 0.003 -13"><span class='ocrx_word' id='word_1_128' title='bbox 247 1432 501 1483; x_wconf 88' lang='lat' dir='ltr'>Custodem</span> <span class='ocrx_word' id='word_1_129' title='bbox 517 1430 637 1479; x_wconf 89' lang='lat' dir='ltr'>hunc</span> <span class='ocrx_word' id='word_1_130' title='bbox 647 1433 819 1496; x_wconf 89' lang='lat' dir='ltr'>poteris</span> <span class='ocrx_word' id='word_1_131' title='bbox 832 1432 931 1493; x_wconf 89' lang='lat' dir='ltr'>jure</span> <span class='ocrx_word' id='word_1_132' title='bbox 944 1452 1103 1483; x_wconf 89' lang='lat' dir='ltr'>vocare</span> <span class='ocrx_word' id='word_1_133' title='bbox 1126 1441 1303 1486; x_wconf 60' lang='lat' dir='ltr'>Iovems</span> 
     </span>
     <span class='ocr_line' id='line_1_21' title="bbox 183 1496 1270 1566; baseline 0.005 -18"><span class='ocrx_word' id='word_1_134' title='bbox 183 1503 396 1566; x_wconf 85' lang='lat' dir='ltr'>Qaeque</span> <span class='ocrx_word' id='word_1_135' title='bbox 410 1497 491 1545; x_wconf 90' lang='lat' dir='ltr'>tibi</span> <span class='ocrx_word' id='word_1_136' title='bbox 504 1499 638 1563; x_wconf 87' lang='lat' dir='ltr'>periit</span> <span class='ocrx_word' id='word_1_137' title='bbox 651 1496 865 1546; x_wconf 64' lang='lat' dir='ltr'>concusszi</span> <span class='ocrx_word' id='word_1_138' title='bbox 877 1517 989 1564; x_wconf 91' lang='lat' dir='ltr'>rupe</span> <span class='ocrx_word' id='word_1_139' title='bbox 1005 1504 1228 1555; x_wconf 80' lang='lat' dir='ltr'>Iuventas,</span> <span class='ocrx_word' id='word_1_140' title='bbox 1267 1513 1270 1515; x_wconf 75' lang='grc'>’</span> 
     </span>
     <span class='ocr_line' id='line_1_22' title="bbox 250 1563 1266 1630; baseline 0.001 -16"><span class='ocrx_word' id='word_1_141' title='bbox 250 1572 294 1614; x_wconf 89' lang='lat' dir='ltr'>V</span> <span class='ocrx_word' id='word_1_142' title='bbox 308 1583 338 1613; x_wconf 93' lang='lat' dir='ltr'>o</span> <span class='ocrx_word' id='word_1_143' title='bbox 355 1583 373 1613; x_wconf 87' lang='lat' dir='ltr'><strong>s</strong></span> <span class='ocrx_word' id='word_1_144' title='bbox 386 1568 441 1612; x_wconf 54' lang='grc' dir='ltr'>εἰ</span> <span class='ocrx_word' id='word_1_145' title='bbox 479 1565 618 1628; x_wconf 61' lang='lat' dir='ltr'>operit</span> <span class='ocrx_word' id='word_1_146' title='bbox 630 1563 810 1627; x_wconf 89' lang='lat' dir='ltr'>templis</span> <span class='ocrx_word' id='word_1_147' title='bbox 824 1566 888 1627; x_wconf 23' lang='lat' dir='ltr'>&#39;est</span> <span class='ocrx_word' id='word_1_148' title='bbox 901 1569 1144 1630; x_wconf 87' lang='lat' dir='ltr'>reparanda</span> <span class='ocrx_word' id='word_1_149' title='bbox 1159 1571 1266 1618; x_wconf 72' lang='lat' dir='ltr'>tuis⁰</span> 
     </span>
     <span class='ocr_line' id='line_1_23' title="bbox 181 1628 1197 1696; baseline -0.001 -14"><span class='ocrx_word' id='word_1_150' title='bbox 181 1632 304 1681; x_wconf 77' lang='lat' dir='ltr'>Illius</span> <span class='ocrx_word' id='word_1_151' title='bbox 317 1645 528 1678; x_wconf 83' lang='lat' dir='ltr'>aeternam</span> <span class='ocrx_word' id='word_1_152' title='bbox 544 1628 781 1677; x_wconf 82' lang='lat' dir='ltr'>conatibus</span> <span class='ocrx_word' id='word_1_153' title='bbox 795 1632 1197 1696; x_wconf 70' lang='lat' dir='ltr'>augurorUrbem.</span> 
     </span>
     <span class='ocr_line' id='line_1_24' title="bbox 246 1695 1193 1761; baseline 0.001 -15"><span class='ocrx_word' id='word_1_154' title='bbox 246 1704 341 1746; x_wconf 88' lang='lat' dir='ltr'>Iam</span> <span class='ocrx_word' id='word_1_155' title='bbox 356 1697 488 1745; x_wconf 87' lang='lat' dir='ltr'>video</span> <span class='ocrx_word' id='word_1_156' title='bbox 504 1711 556 1741; x_wconf 83' lang='lat' dir='ltr'>ex</span> <span class='ocrx_word' id='word_1_157' title='bbox 571 1695 700 1741; x_wconf 91' lang='lat' dir='ltr'>omni</span> <span class='ocrx_word' id='word_1_158' title='bbox 713 1710 835 1759; x_wconf 87' lang='lat' dir='ltr'>parta</span> <span class='ocrx_word' id='word_1_159' title='bbox 847 1702 1015 1761; x_wconf 66' lang='lat' dir='ltr'>tropae‘a</span> <span class='ocrx_word' id='word_1_160' title='bbox 1031 1702 1158 1747; x_wconf 88' lang='lat' dir='ltr'>mari.</span> <span class='ocrx_word' id='word_1_161' title='bbox 1190 1702 1193 1704; x_wconf 73' lang='grc'><strong>’</strong></span> 
     </span>
     <span class='ocr_line' id='line_1_25' title="bbox 181 1761 1225 1833; baseline 0.003 -20"><span class='ocrx_word' id='word_1_162' title='bbox 181 1764 432 1830; x_wconf 87' lang='lat' dir='ltr'>Imperium</span> <span class='ocrx_word' id='word_1_163' title='bbox 453 1761 600 1812; x_wconf 81' lang='lat' dir='ltr'>terris,</span> <span class='ocrx_word' id='word_1_164' title='bbox 617 1763 793 1809; x_wconf 85' lang='lat' dir='ltr'>animos</span> <span class='ocrx_word' id='word_1_165' title='bbox 807 1762 1004 1828; x_wconf 86' lang='lat' dir='ltr'>aequabir</span> <span class='ocrx_word' id='word_1_166' title='bbox 1017 1763 1225 1833; x_wconf 88' lang='lat' dir='ltr'>Olympo</span> 
     </span>
     <span class='ocr_line' id='line_1_26' title="bbox 254 1827 1182 1887; baseline 0 -9"><span class='ocrx_word' id='word_1_167' title='bbox 254 1827 445 1879; x_wconf 86' lang='lat' dir='ltr'>Rursus,</span> <span class='ocrx_word' id='word_1_168' title='bbox 460 1831 507 1874; x_wconf 90' lang='lat'>&amp;</span> <span class='ocrx_word' id='word_1_169' title='bbox 519 1827 724 1887; x_wconf 80' lang='lat' dir='ltr'>antiquus</span> <span class='ocrx_word' id='word_1_170' title='bbox 742 1829 996 1878; x_wconf 87' lang='lat' dir='ltr'>restituetur</span> <span class='ocrx_word' id='word_1_171' title='bbox 1009 1829 1182 1882; x_wconf 89' lang='lat' dir='ltr'>honos.</span> 
     </span>
    </p>

    <p class='ocr_par' dir='ltr' id='par_1_4' title="bbox 185 1894 1312 2095">
     <span class='ocr_line' id='line_1_27' title="bbox 185 1894 1312 1961; baseline 0.007 -18"><span class='ocrx_word' id='word_1_172' title='bbox 185 1898 254 1947; x_wconf 87' lang='lat' dir='ltr'>Hi</span> <span class='ocrx_word' id='word_1_173' title='bbox 270 1894 610 1961; x_wconf 85' lang='lat' dir='ltr'>septemgemini</span> <span class='ocrx_word' id='word_1_174' title='bbox 625 1910 921 1960; x_wconf 89' lang='lat' dir='ltr'>perrumpent</span> <span class='ocrx_word' id='word_1_175' title='bbox 933 1895 1097 1946; x_wconf 87' lang='lat' dir='ltr'>aethera</span> <span class='ocrx_word' id='word_1_176' title='bbox 1111 1905 1312 1956; x_wconf 84' lang='lat' dir='ltr'>montes,</span> 
     </span>
     <span class='ocr_line' id='line_1_28' title="bbox 250 1959 1214 2015; baseline 0.006 -6"><span class='ocrx_word' id='word_1_177' title='bbox 250 1964 353 2009; x_wconf 92' lang='lat' dir='ltr'>Nec</span> <span class='ocrx_word' id='word_1_178' title='bbox 369 1959 543 2007; x_wconf 90' lang='lat' dir='ltr'>stabunt</span> <span class='ocrx_word' id='word_1_179' title='bbox 558 1959 750 2007; x_wconf 82' lang='lat' dir='ltr'>humiles</span> <span class='ocrx_word' id='word_1_180' title='bbox 766 1962 814 2008; x_wconf 92' lang='lat' dir='ltr'>in</span> <span class='ocrx_word' id='word_1_181' title='bbox 834 1964 952 2010; x_wconf 89' lang='lat' dir='ltr'>Iovis</span> <span class='ocrx_word' id='word_1_182' title='bbox 973 1979 1072 2012; x_wconf 88' lang='lat' dir='ltr'>arce</span> <span class='ocrx_word' id='word_1_183' title='bbox 1094 1965 1214 2015; x_wconf 82' lang='lat' dir='ltr'>casae.</span> 
     </span>
     <span class='ocr_line' id='line_1_29' title="bbox 185 2023 1273 2095; baseline 0.005 -18"><span class='ocrx_word' id='word_1_184' title='bbox 185 2029 435 2077; x_wconf 85' lang='lat' dir='ltr'>Custodem</span> <span class='ocrx_word' id='word_1_185' title='bbox 450 2027 599 2090; x_wconf 82' lang='lat' dir='ltr'>patriae</span> <span class='ocrx_word' id='word_1_186' title='bbox 614 2023 812 2089; x_wconf 59' lang='lat' dir='ltr'>sanorum</span> <span class='ocrx_word' id='word_1_187' title='bbox 828 2029 978 2077; x_wconf 88' lang='lat' dir='ltr'>dixere</span> <span class='ocrx_word' id='word_1_188' title='bbox 996 2032 1273 2095; x_wconf 86' lang='lat' dir='ltr'>Qirinum:</span> 
     </span>
    </p>

    <p class='ocr_par' dir='ltr' id='par_1_5' title="bbox 253 2093 1166 2158">
     <span class='ocr_line' id='line_1_30' title="bbox 253 2093 1166 2158; baseline 0.003 -16"><span class='ocrx_word' id='word_1_189' title='bbox 253 2093 503 2146; x_wconf 83' lang='lat' dir='ltr'>Custodem</span> <span class='ocrx_word' id='word_1_190' title='bbox 524 2094 686 2142; x_wconf 83' lang='lat' dir='ltr'>Romae</span> <span class='ocrx_word' id='word_1_191' title='bbox 700 2093 752 2138; x_wconf 90' lang='lat' dir='ltr'>dI</span> <span class='ocrx_word' id='word_1_192' title='bbox 763 2110 958 2158; x_wconf 85' lang='lat' dir='ltr'>genuere</span> <span class='ocrx_word' id='word_1_193' title='bbox 975 2112 1166 2157; x_wconf 86' lang='lat' dir='ltr'>novum.</span> 
     </span>
    </p>
   </div>
   <div class='ocr_carea' id='block_1_4' title="bbox 189 2154 1460 2232">
    <p class='ocr_par' dir='ltr' id='par_1_6' title="bbox 189 2154 1460 2232">
     <span class='ocr_line' id='line_1_31' title="bbox 189 2154 1460 2232; baseline 0.008 -26"><span class='ocrx_word' id='word_1_194' title='bbox 189 2162 315 2210; x_wconf 90' lang='lat' dir='ltr'>Cum</span> <span class='ocrx_word' id='word_1_195' title='bbox 330 2157 528 2207; x_wconf 84' lang='lat' dir='ltr'>tenebrae</span> <span class='ocrx_word' id='word_1_196' title='bbox 541 2154 782 2222; x_wconf 88' lang='lat' dir='ltr'>obrepent,</span> <span class='ocrx_word' id='word_1_197' title='bbox 802 2159 968 2209; x_wconf 89' lang='lat' dir='ltr'>chartis</span> <span class='ocrx_word' id='word_1_198' title='bbox 984 2160 1058 2209; x_wconf 86' lang='lat' dir='ltr'>lux</span> <span class='ocrx_word' id='word_1_199' title='bbox 1074 2158 1289 2232; x_wconf 41' lang='lat' dir='ltr'>surget&#39;ab</span> <span class='ocrx_word' id='word_1_200' title='bbox 1304 2167 1391 2216; x_wconf 87' lang='lat' dir='ltr'>istis</span> <span class='ocrx_word' id='word_1_201' title='bbox 1406 2190 1417 2225; x_wconf 65' lang='grc' dir='ltr'><strong>ς</strong></span> <span class='ocrx_word' id='word_1_202' title='bbox 1456 2222 1460 2226; x_wconf 54' lang='grc'><em>,</em></span> 
     </span>
    </p>
   </div>
   <div class='ocr_carea' id='block_1_5' title="bbox 188 2222 1333 2562">
    <p class='ocr_par' dir='ltr' id='par_1_7' title="bbox 188 2222 1333 2562">
     <span class='ocr_line' id='line_1_32' title="bbox 256 2222 1236 2291; baseline 0.004 -18"><span class='ocrx_word' id='word_1_203' title='bbox 256 2226 432 2274; x_wconf 85' lang='lat' dir='ltr'>Erranti</span> <span class='ocrx_word' id='word_1_204' title='bbox 448 2223 523 2270; x_wconf 92' lang='lat' dir='ltr'>hic</span> <span class='ocrx_word' id='word_1_205' title='bbox 539 2222 700 2272; x_wconf 83' lang='lat' dir='ltr'>Helice</span> <span class='ocrx_word' id='word_1_206' title='bbox 716 2224 792 2280; x_wconf 86' lang='lat' dir='ltr'>est,</span> <span class='ocrx_word' id='word_1_207' title='bbox 808 2229 856 2274; x_wconf 66' lang='grc' dir='ltr'>ὃς</span> <span class='ocrx_word' id='word_1_208' title='bbox 878 2225 1116 2291; x_wconf 83' lang='lat' dir='ltr'>Cynosura</span> <span class='ocrx_word' id='word_1_209' title='bbox 1128 2235 1236 2280; x_wconf 87' lang='lat' dir='ltr'>rati.-</span> 
     </span>
     <span class='ocr_line' id='line_1_33' title="bbox 189 2287 1331 2363; baseline 0.009 -22"><span class='ocrx_word' id='word_1_210' title='bbox 189 2294 309 2341; x_wconf 90' lang='lat' dir='ltr'>Non</span> <span class='ocrx_word' id='word_1_211' title='bbox 324 2290 441 2339; x_wconf 87' lang='lat' dir='ltr'>aliud</span> <span class='ocrx_word' id='word_1_212' title='bbox 453 2287 621 2338; x_wconf 69' lang='lat' dir='ltr'>saxum,</span> <span class='ocrx_word' id='word_1_213' title='bbox 635 2289 867 2347; x_wconf 90' lang='lat' dir='ltr'>lucumve&#39;,</span> <span class='ocrx_word' id='word_1_214' title='bbox 884 2310 959 2342; x_wconf 90' lang='lat' dir='ltr'>aur</span> <span class='ocrx_word' id='word_1_215' title='bbox 972 2314 1140 2360; x_wconf 86' lang='lat' dir='ltr'>quaerat</span> <span class='ocrx_word' id='word_1_216' title='bbox 1151 2299 1331 2363; x_wconf 82' lang='lat' dir='ltr'>asylum3</span> 
     </span>
     <span class='ocr_line' id='line_1_34' title="bbox 228 2356 1315 2431; baseline 0.012 -30"><span class='ocrx_word' id='word_1_217' title='bbox 228 2392 235 2401; x_wconf 91' lang='lat'>.</span> <span class='ocrx_word' id='word_1_218' title='bbox 255 2361 360 2406; x_wconf 87' lang='lat' dir='ltr'>Hoc</span> <span class='ocrx_word' id='word_1_219' title='bbox 375 2358 535 2404; x_wconf 86' lang='lat' dir='ltr'>astrum</span> <span class='ocrx_word' id='word_1_220' title='bbox 552 2356 600 2402; x_wconf 91' lang='lat' dir='ltr'>in</span> <span class='ocrx_word' id='word_1_221' title='bbox 613 2358 772 2405; x_wconf 88' lang='lat' dir='ltr'>mediis</span> <span class='ocrx_word' id='word_1_222' title='bbox 784 2359 1020 2425; x_wconf 84' lang='lat' dir='ltr'>naufragus</span> <span class='ocrx_word' id='word_1_223' title='bbox 1033 2380 1162 2427; x_wconf 89' lang='lat' dir='ltr'>optet</span> <span class='ocrx_word' id='word_1_224' title='bbox 1176 2370 1315 2431; x_wconf 87' lang='lat' dir='ltr'>aquis.</span> 
     </span>
     <span class='ocr_line' id='line_1_35' title="bbox 188 2423 1333 2499; baseline 0.009 -27"><span class='ocrx_word' id='word_1_225' title='bbox 188 2426 421 2476; x_wconf 83' lang='lat' dir='ltr'>Termine,</span> <span class='ocrx_word' id='word_1_226' title='bbox 435 2423 513 2485; x_wconf 92' lang='lat' dir='ltr'>qui</span> <span class='ocrx_word' id='word_1_227' title='bbox 528 2424 759 2487; x_wconf 87' lang='lat' dir='ltr'>quondam</span> <span class='ocrx_word' id='word_1_228' title='bbox 771 2440 819 2493; x_wconf 22' lang='lat' dir='ltr'>&#39;te</span> <span class='ocrx_word' id='word_1_229' title='bbox 841 2429 999 2476; x_wconf 89' lang='lat' dir='ltr'>cedere</span> <span class='ocrx_word' id='word_1_230' title='bbox 1015 2429 1128 2478; x_wconf 86' lang='lat' dir='ltr'>velle</span> <span class='ocrx_word' id='word_1_231' title='bbox 1141 2435 1307 2499; x_wconf 86' lang='lat' dir='ltr'>negasti</span> <span class='ocrx_word' id='word_1_232' title='bbox 1319 2468 1333 2491; x_wconf 58' lang='lat'><em>2</em></span> 
     </span>
     <span class='ocr_line' id='line_1_36' title="bbox 253 2487 1209 2562; baseline 0.007 -23"><span class='ocrx_word' id='word_1_233' title='bbox 253 2490 441 2540; x_wconf 87' lang='lat' dir='ltr'>Custodi</span> <span class='ocrx_word' id='word_1_234' title='bbox 454 2487 559 2537; x_wconf 89' lang='lat' dir='ltr'>huic</span> <span class='ocrx_word' id='word_1_235' title='bbox 574 2490 757 2538; x_wconf 83' lang='lat' dir='ltr'>tandem</span> <span class='ocrx_word' id='word_1_236' title='bbox 773 2494 932 2543; x_wconf 85' lang='lat' dir='ltr'>cedere</span> <span class='ocrx_word' id='word_1_237' title='bbox 956 2493 1071 2544; x_wconf 86' lang='lat' dir='ltr'>disce</span> <span class='ocrx_word' id='word_1_238' title='bbox 1090 2493 1209 2562; x_wconf 85' lang='lat' dir='ltr'>Jovi.</span> 
     </span>
    </p>
   </div>
   <div class='ocr_carea' id='block_1_6' title="bbox 1004 2627 1113 2659">
    <p class='ocr_par' dir='ltr' id='par_1_8' title="bbox 1004 2627 1113 2659">
     <span class='ocr_line' id='line_1_37' title="bbox 1004 2627 1113 2659; baseline 0.055 -6"><span class='ocrx_word' id='word_1_239' title='bbox 1004 2627 1113 2659; x_wconf 49' lang='lat'>*²38*</span> 
     </span>
    </p>
   </div>
   <div class='ocr_carea' id='block_1_7' title="bbox 1592 2639 1799 2702">
    <p class='ocr_par' dir='ltr' id='par_1_9' title="bbox 1592 2639 1799 2702">
     <span class='ocr_line' id='line_1_38' title="bbox 1592 2639 1799 2702; baseline -0.024 -16"><span class='ocrx_word' id='word_1_240' title='bbox 1592 2639 1799 2702; x_wconf 78' lang='lat' dir='ltr'>Operum</span> 
     </span>
    </p>
   </div>
  </div>
 </body>
</html>
