2095 3065
375 158 568 220 PET
605 155 710 213 RI
774 154 812 214 S
849 150 1405 216 CRIVERII

813 279 1024 357 Elegia,

131 399 198 454 In
216 393 406 452 laudem
440 395 513 448 V.
544 389 635 447 Cl.
677 390 777 445 GE
800 410 831 442 R
854 410 883 440 Α
910 410 940 444 rt
966 411 997 444 D
1029 406 1050 443 1
1090 388 1197 455 Vo
1223 409 1286 441 ss
1309 389 1364 458 1,
1396 390 1671 467 posteditm·

245 470 302 526 de
320 467 580 542 Historicis
599 472 642 525 G
649 467 775 520 raecv's
794 464 964 533 libros,
991 482 1118 521 nnnc
1147 466 1446 523 Latinorum
1460 469 1569 523 Hi.

445 543 726 618 storicorum
740 537 1021 612 Hzstoriam
1033 541 1344 617 evulgantis.

96 685 161 824 ἲ
228 687 267 761 r
288 689 353 733 11>
370 702 385 732 1
399 702 429 732 τ
465 697 516 731 ut
531 679 782 730 Historicos
801 684 940 745 Grajo
952 678 1159 729 sermone
1174 679 1358 731 locutos

188 771 191 773 ’
343 752 520 807 Roma}
548 765 633 796 nec
647 747 851 796 austeres
867 762 1073 795 cerneret
1088 744 1165 794 illa
1181 746 1283 808 suos
1301 767 1314 797 ε

290 822 347 867 Et
361 816 535 864 tanturn
548 812 731 861 *annales
744 828 1002 868 numeraret
1017 812 1183 861 Achaia
1201 813 1394 873 chartas,

296 910 298 914 ·
355 879 565 930 Voffiade
579 878 714 928 foetos
742 879 994 926 excutiente
1009 877 1153 927 finus:

97 951 315 1018 Cumque
341 964 525 997 manum
542 944 699 995 tabulis
712 961 858 1010 prope
870 944 960 1005 jam
975 942 1223 994 subducere
1239 944 1374 995 vellet

164 1023 182 1065 1
188 1016 259 1082 pse
274 1049 286 1068 ‚
310 1031 465 1082 parans
480 1013 598 1061 aliud
622 1012 777 1077 (quod
790 1027 977 1076 quoque
991 1011 1130 1077 vivat)
1156 1028 1272 1078 opus
1284 1030 1300 1059 .·
1372 1047 1375 1049 -

98 1086 217 1134 Diva
231 1082 472 1132 tribunitiis
491 1080 614 1128 venit
628 1081 840 1126 comitata
859 1077 1049 1127 catervis
1062 1107 1078 1128 2

161 1153 315 1214 Atque
331 1145 489 1197 oculos
503 1146 625 1193 (1·οόὶί
638 1142 680 1192 se
700 1144 804 1192 tulit
824 1158 928 1191 ante
943 1144 1056 1193 viri:

98 1219 220 1267 Cum
239 1216 356 1264 bene
371 1216 426 1262 de
442 1213 606 1261 Graecis
619 1208 921 1275 coepisti,'nate
933 1242 948 1265 ,
973 1209 1169 1266 mereri,

159 1284 328 1348 Inquit,
343 1299 398 1328 an
413 1277 620 1327 Ausoniae
632 1273 941 1324 derneminisse
954 1290 1086 1341 potes
1103 1287 1118 1323 ἒ

94 1352 166 1400 En
181 1367 266 1414 ego
281 1380 295 1403 ,
317 1365 412 1413 quae
425 1360 575 1394 totum
590 1342 759 1408 septem
771 1340 1076 1390 dementibus
1093 1339 1257 1390 orbem

161 1412 428 1480 Conspicor,
448 1412 631 1476 Imperii
645 1412 796 1457 Roma
812 1409 1058 1473 Deumque
1070 1406 1200 1456 locus
1218 1424 1232 1461 5

93 1487 209 1533 Tam
225 1480 350 1529 verbi
360 1481 548 1543 verique
565 1491 747 1541 potens,
765 1475 904 1540 quam
921 1476 1092 1523 Graecia
1106 1476 1318 1532 mendam

159 1553 369 1612 Qaeque
385 1546 496 1592 meis
512 1544 698 1591 memini
712 1557 834 1606 grata
847 1540 1013 1589 referre
1025 1542 1188 1591 vicenis

91 1616 180 1665 vel
194 1613 347 1661 statua,
363 1608 589 1674 titulisque
605 1607 773 1657 colam,
792 1607 865 1655 vel
878 1606 1041 1655 fronde
1055 1604 1296 1665 comneni,

156 1686 282 1729 Inter
296 1681 477 1740 Trajani
490 1691 560 1724 tot
571 1688 869 1721 monumenta
882 1671 993 1719 fori.

93 1748 211 1813 Qae
228 1755 272 1793 t'e
284 1760 387 1791 cura
398 1743 553 1807 coquit
569 1748 582 1783 ?
623 1756 729 1786 nam
740 1756 840 1789 non
855 1735 1014 1786 ceflare
1027 1739 1280 1803 putandum
1292 1741 1371 1791 est.

161 1811 368 1874 Inprimis
392 1808 484 1856 haee
499 1823 568 1856 res
591 1807 726 1870 digna
743 1804 897 1853 labore
912 1820 1014 1852 tuo·

92 1880 202 1927 Haec
213 1875 412 1925 humeris
424 1873 621 1921 libranda
639 1871 740 1920 tuis.
778 1871 874 1919 haee
886 1869 1030 1918 ibitin
1044 1877 1206 1922 aevum.

156 1942 369 1992 Nobilius
388 1957 559 1988 nomen
581 1942 651 1987 vix
673 1936 852 1986 aliunde
876 1936 1012 1985 feres.

91 2008 289 2060 Annales
302 2023 345 2055 te
363 2021 538 2072 tempus
554 2020 646 2053 etat
659 2008 748 2068 jam
763 2002 900 2069 figere
914 2002 1089 2060 clavos;

162 2081 254 2123 Iam
269 2076 398 2122 decet
413 2075 613 2120 austores
628 2070 878 2137 explicuiffe
893 2085 1040 2117 meos.

92 2145 196 2190 Hoc
212 2157 291 2206 age
306 2173 320 2194 ,
339 2140 428 2200 jam
442 2152 657 2186 numera:
682 2154 739 2185 ne
754 2134 833 2183 fi'rn
851 2132 1101 2200 minoripsa
1113 2134 1302 2204 Pelasgis
1315 2168 1332 2193 ,

159 2213 254 2256 Aut
265 2204 439 2270 praelata
453 2205 563 2252 meis
580 2201 706 2269 pallia
719 2206 874 2250 Graeca
888 2200 1023 2267 togis.
1038 2244 1049 2247 ..
1157 2210 1160 2211 ’

95 2275 201 2321 Hoc
221 2286 324 2336 age:
361 2269 419 2318 sic
432 2285 664 2334 nunquam
677 2270 812 2316 Latiae
826 2284 870 2316 te
887 2267 1031 2333 gloria
1043 2269 1209 2334 linguae

159 2337 357 2391 Deserat,
371 2353 446 2384 aut
463 2336 646 2389 Genius,
663 2337 796 2383 docte
813 2335 1021 2385 Gerarde.
1039 2353 1179 2383 meus.

45 2455 51 2459 ,
97 2405 202 2452 Hoc
214 2421 293 2468 age
308 2423 320 2460 3
342 2408 388 2450 δε
401 2402 581 2466 Imperii
591 2426 594 2427 ⁷
604 2401 750 2448 stantis
763 2403 1014 2466 pariterque
1026 2401 1224 2450 cadentis

161 2472 409 2534 Scriptores
426 2466 553 2514 fimili
568 2465 795 2515 sedulitate
810 2464 945 2514 reFer.

43 2534 46 2535 ⁷
63 2540 85 2550 “·
98 2533 176 2581 Ob
188 2551 258 2583 tot
271 2532 476 2584 servato&
491 2534 647 2581 vindex
664 2530 910 2582 clariffime‚
932 2533 1066 2586 cives,

161 2599 239 2648 Ob
260 2616 330 2648 tot
345 2601 398 2647 de
421 2600 579 2663 Stygiis
590 2598 745 2664 scripta
756 2599 934 2645 redudta
948 2599 1066 2646 vadis
1083 2618 1097 2656 3

88 2666 183 2713 Iam
197 2664 500 2731 Capitolinam
516 2662 687 2728 poffum
703 2665 970 2731 promittere
986 2681 1224 2730 quercum:
1733 2692 1742 2697 »

1535 2736 1576 2783 C
1587 2733 1691 2798 opia
