2095 3065
452 119 528 151 nr:
574 104 869 150 Hrsron.
915 105 1419 154 LAT1N.L113.I.
1688 122 1745 158 Μ

116 178 172 224 de
188 190 243 223 eo
260 172 391 224 fecit,
410 186 568 235 rogatu
587 171 640 215 T.
659 171 905 232 Pomponii
924 170 1083 215 Attici·
1112 172 1195 219 Sed
1211 190 1362 239 neque
1379 177 1414 222 is
1429 173 1570 222 hodie
1586 176 1741 224 exstat,

117 239 300 305 Scripsit
315 239 526 302 Origines
541 237 659 283 Cato
677 251 779 283 ante
797 234 1098 285 confulatum,
1117 254 1254 300 quem
1270 238 1397 302 geffit
1414 258 1516 287 curn
1532 244 1583 288 L.
1599 242 1735 291 Vale—

113 312 182 356 rio
197 306 350 354 Flacco
366 321 483 350 anno
502 307 557 350 V·
579 303 636 348 C.
657 306 801 348 lanx.
838 304 944 349 Hoc
957 306 1063 350 inde
1079 303 1332 368 colligimus
1345 336 1359 355 2
1377 307 1503 370 quod
1521 325 1640 355 anno
1658 325 1737 357 eo—

114 371 187 441 pse
204 373 260 419 C.
283 372 476 435 Oppius,
496 367 726 415 Tribunus
741 367 806 414 Pl.
825 369 870 413 in
887 372 1184 432 contentione
1199 387 1266 424 ea,
1282 390 1381 434 quae
1400 374 1458 419 est
1472 375 1525 420 de
1540 373 1734 424 cultibus

77 488 91 496 R
114 452 420 488 matronarum
436 431 713 498 defingendis
730 464 743 484 2
763 432 821 481 fic
837 433 1089 482 Consulem
1108 438 1338 484 Catonem
1356 436 1600 503 alloquitur
1614 443 1734 504 apud

44 507 52 513 ⁵
115 508 293 555 Livium
309 501 384 549 lib.
402 515 506 547 xxx
517 516 594 550 Iv:
621 510 730 546 Nam
744 502 839 562 quid
851 503 1010 548 tandem
1022 506 1114 550 nova·
1130 504 1497 566 matronaefecerunt
1510 538 1522 557 ,
1537 504 1730 566 qubdfre-

114 585 283 634 querum,
309 571 348 615 in
366 567 488 626 cauffiz
503 566 599 627 adse
606 569 845 627 pertinente,
862 570 903 614 in
913 569 1110 628 publicum
1119 570 1369 629 proceffierunt
1384 570 1401 611 ἒ
1418 586 1622 632 nunquam
1639 586 1733 621 ante

115 642 182 686 hoc
203 644 360 696 ternpus·
375 639 414 680 in
435 633 630 694 publicum
640 633 893 694 proceffierunt
912 638 930 678 ?
961 643 1060 680 Tuas
1075 636 1253 697 adverfhs
1269 649 1307 682 te
1323 638 1495 698 Origines
1517 641 1733 687 revolvam.

113 707 260 765 Accipe,
280 702 426 762 quoties
439 701 478 744 id
481 698 666 760 fecerint,
684 698 736 749 ό·
752 702 906 759 quidem
915 700 1067 761 semper
1081 703 1176 758 bono
1191 704 1354 763 publico.
1385 712 1472 747 Iam
1492 702 1516 748 ὰ
1529 706 1732 765 principio,
1754 729 1758 730 ⁷

112 781 300 832 regnante
314 768 471 814 Romulo
481 797 495 817 ,
515 763 597 810 etim
611 767 798 826 Capitolio
812 764 837 811 ὰ
851 767 1000 811 Sabinis
1013 781 1122 828 capto
1134 797 1148 817 ‚
1165 770 1288 815 medio
1302 768 1440 829 infero
1459 802 1470 821 ,
1483 768 1728 831 fignis‘colla-

113 842 160 883 tis
173 837 435 883 dimicaretur,
452 846 579 877 nonne
593 830 802 891 intereurfic
819 845 1090 879 matronarum
1107 837 1209 880 inter
1219 838 1316 882 acies
1329 837 1422 881 duas
1434 839 1610 895 proelium
1615 836 1732 895 fida-

113 915 200 950 tum
216 903 288 946 est?
299 904 383 946 &c.
403 894 755 960 Qamqu‘aimfi
767 897 843 943 ista
859 915 956 944 non
973 912 1063 944 tam
1078 898 1134 946 ab
1148 903 1307 965 Oppio
1321 898 1420 955 fint,
1434 901 1570 964 quiim
1583 902 1732 957 Livio,

115 966 268 1031 parurn
284 962 380 1011 sane
396 962 559 1011 validus
575 961 712 1010 fuerit
726 965 837 1011 aries
853 964 945 1019 iste,
959 980 1098 1028 quem·
1113 967 1285 1014 intorfi.
1308 969 1365 1014 Et
1379 965 1476 1013 [ane
1489 966 1577 1015 huc
1589 970 1732 1032 magis

110 1032 278 1080 inclino
296 1063 309 1084 ,
332 1031 438 1093 quia
453 1030 612 1092 Nepos
628 1028 735 1075 dicit
747 1058 761 1077 ‚
785 1030 1014 1077 Catonem
1031 1031 1119 1090 jam
1135 1030 1285 1079 senem
1297 1033 1523 1080 historiam
1539 1032 1727 1081 scribere

109 1095 295 1163 coepiffe.
336 1095 482 1159 Qod
500 1096 652 1142 Livius
668 1111 765 1141 non
778 1093 877 1143 fittis
893 1096 1070 1144 videtur
1081 1098 1310 1147 attendifle
1331 1131 1344 1149 ‚
1379 1101 1486 1147 dum
1506 1097 1729 1159 ejusmodi

109 1164 360 1213 sermonem
377 1161 534 1225 Oppio
549 1159 722 1213 tribuit,
736 1162 862 1208 annis
877 1176 980 1208 ante
996 1160 1177 1209 obitum
1195 1166 1388 1212 Catonis
1406 1179 1527 1214 var
1542 1182 1578 1212 1.
1595 1168 1723 1230 Ope-

111 1248 169 1279 rae
183 1244 333 1278 autem
351 1228 411 1276 est
426 1225 720 1276 considerare,
736 1228 974 1291 quomodo
991 1229 1153 1293 Nepos
1169 1232 1416 1294 Originum
1429 1230 1568 1279 libros
1585 1233 1725 1280 diser-

72 1334 74 1337 .
110 1298 194 1348 tim
209 1296 390 1343 Historias
403 1291 776 1359 appellet.E6que
787 1292 941 1340 frustra
953 1291 1018 1344 fit,
1026 1297 1105 1359 qui
1118 1294 1239 1343 aliud
1250 1314 1360 1360 opus
1375 1296 1727 1364 intelli-gatrapud‘

112 1359 363 1411 Chatifium
379 1360 460 1408 lib.
487 1375 506 1405 1
520 1376 535 1406 1
548 1358 656 1411 ‚ubi
668 1360 872 1424 quaedam
896 1358 1040 1407 adfert
1053 1359 1076 1406 ὲ
1094 1362 1590 1424 catonisseniorisstcundo
1605 1364 1724 1426 histo-

111 1432 278 1476 riarum.
313 1426 671 1492 Christophorus
694 1441 846 1473 tamen
861 1424 1090 1478 Collerus‚
1102 1429 1152 1474 in
1166 1432 1290 1476 notis
1303 1432 1360 1477 ad
1370 1432 1566 1492 primu-m
1580 1430 1721 1479 histo-

111 1496 273 1542 riarum
292 1491 787 1555 Sallustibexistimabat,
797 1489 1006 1539 divertam
1021 1492 1077 1540 ab
1092 1496 1335 1558 Originum
1349 1495 1722 1546 librisvhistoriam-

109 1555 338 1624 scripfiffe:
367 1574 501 1623 atque
517 1560 560 1605 id
575 1556 814 1621 colligebat
830 1573 883 1604 ex
896 1574 953 1605 eo
967 1590 980 1607 ,
1004 1561 1129 1621 quod
1146 1562 1354 1615 Nonius,
1377 1565 1427 1608 in
1450 1565 1723 1626 Colliscerunt,

109 1627 218 1674 citet
234 1629 418 1672 Catonem
432 1626 477 1670 de
491 1625 585 1670 bello
604 1623 905 1684 Carthaginensi.
935 1625 1024 1671 Sed
1038 1623 1124 1672 fuit
1136 1641 1186 1672 ea
1206 1643 1303 1674 non
1318 1627 1499 1677 historia
1512 1659 1527 1680 ‚
1559 1629 1720 1678 veru-nr-

110 1692 271 1741 oratio:
288 1705 338 1738 ut
354 1689 504 1754 aperte
520 1703 651 1736 vocat
668 1687 836 1735 Gellius
849 1687 930 1736 lib.
956 1704 1012 1737 rx
1024 1705 1230 1756 cap-xv:
1258 1696 1439 1744 ‘Matrem³
1459 1696 1621 1759 inquit,
1640 1702 1718 1744 Ca-

106 1771 150 1806 to
162 1759 203 1804 in
213 1759 385 1805 oratione
396 1789 410 1809 ‚
436 1769 558 1817 quam
573 1756 620 1802 de
637 1756 728 1801 bello
745 1756 1041 1817 Carthaginenfi
1052 1760 1271 1821 compofhit.
1301 1764 1336 1808 A
1347 1775 1456 1824 tque
1471 1777 1520 1808 ut
1536 1761 1724 1811 historia»

107 1822 252 1877 foret,
272 1819 655 1886 intelligideberet
668 1837 767 1886 pars
779 1838 829 1869 ea
850 1823 1094 1887 Originum
1112 1854 1125 1874 2
1151 1826 1198 1872 in
1212 1843 1300 1890 qua
1318 1826 1534 1875 trastssffet
1551 1830 1606 1875 de
1618 1832 1720 1892 pri-s

109 1906 208 1939 mo,
225 1886 526 1951 secundoque,
545 1888 664 1936 bello
687 1891 875 1936 Punico.
918 1890 1040 1937 Nam
1064 1889 1295 1940 historiam
1312 1895 1431 1941 tertii
1447 1893 1569 1946 belli,
1589 1896 1719 1959 quod

109 1955 450 2019 quadriennium
467 1955 637 2003 duravit
647 1988 661 2008 ,
675 1953 863 2004 scribere
876 1972 972 2003 non
986 1959 1137 2021 potuit
1153 1977 1163 2005 t
1183 1959 1285 2007 curn
1296 1958 1438 2007 altero
1453 1960 1619 2009 obierit
1631 1977 1717 2009 an-

109 2038 172 2068 no
184 2054 199 2075 ,
230 2036 280 2067 ex
296 2036 389 2082 quo
405 2035 555 2067 ortum
572 2020 672 2068 fuit.
710 2021 826 2070 Illud
841 2036 990 2069 tamen
1004 2022 1135 2071 facile
1149 2027 1414 2073 crediderim
1425 2060 1438 2080 ,
1457 2030 1716 2076 ora-tionem·-

108 2103 205 2134 eam
222 2084 342 2133 fuiffe
356 2086 598 2149 Originum
613 2086 734 2135 libris
749 2085 974 2136 inclusam.
1008 2092 1131 2138 Nam
1147 2093 1191 2138 id
1207 2088 1353 2140 fecisse
1369 2091 1714 2157 aliqu0²tiesCa·

107 2168 264 2200 tonem
281 2152 472 2199 ostendit
486 2150 735 2201 luculentus
751 2153 826 2203 ille
841 2152 966 2209 locus
984 2157 1205 2220 epitomes
1220 2160 1336 2206 Livii
1355 2157 1435 2204 lib.
1454 2175 1590 2208 xmxz-
1613 2159 1719 2208 caim

105 2228 153 2265 Ι,-
173 2216 401 2272 Scribonim,
413 2219 585 2264 tribunus
598 2222 728 2280 plebis,
742 2224 976 2284 rogationem
985 2222 1275 2285 promulgdffi’t,
1293 2238 1337 2271 ut
1349 2226 1529 2285 Lufitani
1540 2258 1553 2281 ‚
1567 2230 1658 2288 qui,
1670 2230 1718 2274 in

97 2285 220 2347 fidem
237 2287 372 2344 populo
385 2293 556 2345 Romano
570 2287 689 2332 dediti
702 2314 717 2334 ,
740 2285 763 2332 ἃ
776 2290 904 2349 Sergio
921 2289 1047 2334 Galba
1064 2292 1103 2334 in
1120 2293 1290 2342 Galliam
1305 2291 1485 2350 veniffent
1498 2321 1512 2342 ‚
1539 2295 1579 2339 in
1595 2295 1713 2340 liber-

106 2364 230 2398 tatem
242 2349 526 2411 restituerentur
541 2379 554 2399 ‚
580 2359 637 2403 M.
657 2360 757 2399 Cato
772 2351 955 2406 acerrime
963 2354 1094 2413 fhafit.
1136 2355 1277 2419 Exstat
1290 2361 1413 2404 oratio
1425 2360 1629 2406 annalibus
1643 2363 1725 2414 ejm·

106 2417 265 2477 inclusit.
301 2414 390 2462 Ubi
407 2416 631 2470 videmus,
650 2432 697 2464 ut
713 2421 942 2483 Origines,
965 2437 1073 2483 quas
1090 2422 1252 2485 Nepos
1268 2439 1397 2471 voca-t
1411 2420 1626 2476 historias,
1642 2427 1722 2472 Li-

106 2484 232 2531 viana
250 2484 448 2546 epitome
462 2485 667 2530 nominet
682 2484 899 2532 Annales..
930 2488 1195 2549 Qomodo
1222 2493 1268 2535 δε
1291 2490 1444 2537 Livius
1469 2488 1561 2537 suas
1577 2491 1718 2538 histo-

106 2549 188 2594 rias
200 2562 328 2595 vocat
349 2546 544 2594 Annales
559 2546 788 2601 lib.x¹.1v,
820 2568 935 2616 quas
954 2551 1124 2599 Plinius
1147 2555 1199 2600 in«
1215 2554 1383 2618 praefat·
1409 2556 1527 2603 Hist.
1549 2557 1715 2604 Natur-

101 2628 232 2660 vocat
249 2614 479 2660 Historias.
523 2613 590 2662 Ac
604 2616 774 2664 Seneca
790 2618 914 2682 epist·
935 2631 1056 2666 xcvr
1071 2634 1090 2662 1
1125 2621 1459 2683 annalesTanufie’
1474 2636 1731 2669 memorat-1

96 2680 165 2727 Ac
176 2680 417 2731 Suetonius
433 2682 482 2728 in
500 2678 616 2732 iulio
630 2699 726 2748 cap.
748 2699 808 2736 12<
837 2683 1032 2751 appellat
1046 2679 1268 2737 historias.
1293 2690 1367 2738 De
1384 2687 1493 2752 stylo
1514 2687 1725 2740 Catonis,

992 2751 1034 2800 C
1083 2770 1105 2814 3
1579 2766 1722 2815 quem
