2095 3065
362 121 418 170 18
722 113 1048 164 GERARDi
1096 109 1401 161 ioflxims
1446 109 1634 173 VodssI

359 191 560 251 diligenter
564 183 711 246 seriptis
729 183 953 230 mandavit.
989 180 1106 228 Sane
1128 177 1262 227 verba
1287 177 1379 225 haec
1405 177 1577 240 optime
1599 180 1874 227 conveniunt
1891 178 1968 230 illi,

365 257 442 319 qui
458 249 580 300 bello
596 249 684 296 hoc
702 251 870 296 Punico
888 249 1185 313 magistratum
1203 242 1290 310 ipse
1307 247 1488 309 ceperit:
1506 243 1636 307 quale
1652 242 1764 290 nihil
1781 246 1834 301 de
1850 261 1973 310 patre

367 327 459 383 ejus
473 318 680 382 legimus·
722 316 931 379 Denique
945 317 996 365 is,
1014 316 1092 377 qui
1109 313 1256 377 postea
1271 326 1433 375 ptaetor
1449 311 1622 361 Siculus
1640 309 1724 357 fuit
1737 344 1748 361 ‚
1770 308 1857 369 jam
1872 326 1977 359 ante

370 385 642 432 Hannibalis
656 385 702 429 in
719 380 890 429 ltaliam
906 382 1164 433 adventum,
1178 377 1438 442 quaesturam
1451 374 1649 438 geffetat‚
1669 376 1735 423 M.
1755 378 1885 424 Livio
1903 380 1979 425 Sa-

368 452 627 503 linatore‚&
645 451 698 494 L.
719 447 902 494 AEmilio
923 445 1073 492 Paullo
1088 443 1189 492 coll]
1209 444 1335 507 quod
1349 457 1431 487 nec
1450 440 1630 506 Pighius
1645 441 1874 489 diffitetur.
1897 444 1980 489 Hi-

371 520 549 564 storiam
573 532 723 562 autem
747 512 853 560 belli
879 510 1132 558 Annibalici
1151 527 1245 555 non
1261 505 1424 570 scripsit
1442 509 1632 556 Cincius
1650 538 1663 558 ‚
1690 506 1768 553 nifi
1785 506 1905 557 bello
1923 526 1979 557 eo

374 582 566 632 feliciter
581 581 811 629 confecto
847 583 999 645 Qare
1016 593 1113 625 aetas
1127 573 1216 639 ipsa
1230 572 1458 624 dissuadet,
1474 576 1567 637 quo
1587 574 1732 621 miuus
1748 572 1980 622 historiam

371 649 494 696 illam
509 649 737 695 conditam
755 647 984 692 credamus
999 679 1011 699 ,
1036 662 1129 691 non
1146 640 1200 688 ab
1217 640 1451 704 quaestorio
1466 639 1556 687 hoc
1570 645 1615 687 ὃς
1631 641 1844 705 ptoetorio
1862 643 1977 692 vir03

373 714 444 763 sed
466 730 649 781 patente
673 713 765 772 ejus
787 748 798 765 ,
825 713 902 775 qui
920 712 1016 774 post
1032 709 1201 758 bellum
1224 706 1314 752 hoc
1338 706 1566 769 decrepita
1580 709 1825 753 admodum
1848 706 1983 755 fuerit

373 797 499 829 aetate
519 799 528 827 ι
551 780 647 826 imo
664 774 841 826 fortaffe
856 775 1005 825 multis
1027 777 1117 838 jam
1131 775 1254 822 annis
1272 787 1373 818 ante
1389 769 1554 818 bellum
1575 769 1888 820 Annibalicum
1903 775 1982 821 de-

374 846 565 896 cess'etit.
804 862 805 865 ¹
1013 856 1017 858 “

436 912 525 961 Etfi
542 928 691 961 autem
709 910 938 957 historicus
952 906 1024 953 hic
1037 904 1180 952 homo
1197 908 1430 952 Romanus
1445 900 1563 951 effer:
1580 900 1808 949 historiam
1826 917 1978 952 tamen

371 979 686 1028 Annibalicam
700 975 738 1024 sc
746 972 866 1040 tipfit
878 973 1091 1035 ΈᾺΖωικῇ
1103 973 1321 1032 dianium:
1349 986 1397 1017 ut
1409 969 1522 1016 clare
1538 972 1599 1016 ait
1620 967 1859 1031 Dionysius
1872 970 1975 1017 Hal,

365 1046 446 1094 lib.
471 1061 512 1090 1.
546 1048 713 1108 Neque
728 1041 923 1091 adserere
941 1036 1078 1087 ausim
1094 1067 1110 1087 ,
1140 1037 1296 1084 Latine
1310 1037 1498 1084 eandem
1521 1034 1782 1083 hominibus
1799 1033 1883 1084 suis
1899 1039 1978 1085 de-

367 1111 592 1160 diffe.Nec
606 1125 842 1175 propterea
853 1106 999 1154 nullus
1016 1105 1057 1152 ei
1071 1102 1262 1151 fueritin
1278 1101 1494 1150 historicis
1509 1102 1679 1148 Latinis
1694 1100 1983 1169 locuS.Q1ip.

368 1195 426 1244 pe
443 1177 669 1225 historiam
699 1166 886 1239 quoque
908 1170 1089 1235 reliquit
1113 1170 1168 1216 de
1196 1171 1363 1233 Gorgia
1382 1169 1632 1215 Leontino.
1673 1171 1803 1215 Hanc
1818 1169 1974 1216 Latine

370 1240 575 1308 scripsisse
589 1277 601 1296 ,
622 1259 672 1288 ex
689 1259 744 1289 eo
758 1238 984 1303 colligitur
996 1271 1007 1290 ‚
1024 1237 1150 1300 quod
1162 1236 1414 1298 Fulgentius
1434 1233 1684 1281 Planciades
1697 1266 1711 1288 ‚
1728 1236 1774 1279 in
1788 1232 1978 1299 explica·

371 1312 498 1357 tione
514 1308 727 1357 sermonis
742 1307 928 1369 antiqui,
946 1303 1052 1349 hinc
1068 1302 1261 1350 adstruit,
1282 1297 1404 1348 senes
1420 1300 1442 1347 ὲ
1460 1301 1626 1347 Latinis
1642 1297 1883 1347 filicernios
1897 1319 1982 1349 vo-

369 1377 474 1424 cati·
502 1377 573 1423 Sic
590 1376 710 1422 enim
725 1374 926 1437 loquitur
941 1369 1253 1434 grammaticus
1269 1370 1326 1414 is:
1350 1369 1560 1414 silicernios
1574 1366 1648 1413 dici
1665 1366 1982 1427 volueruntfhnes

365 1446 453 1498 jam
467 1444 642 1488 incurvos
652 1472 662 1490 ‚
682 1440 787 1501 quasi
788 1440 880 1502 jam
887 1435 1144 1497 sepulcrorum
1147 1433 1311 1489 ficorum
1314 1432 1437 1492 filices
1450 1442 1659 1478 cernentes.
1703 1433 1809 1479 Vnde
1826 1435 1976 1480 Cincius

369 1512 611 1558 Alimentus,
627 1508 784 1552 historia
796 1505 841 1550 de
854 1503 996 1563 Gorgia
1011 1504 1219 1553 Leontino,
1227 1499 1376 1559 stribir,
1396 1499 1520 1545 dicens
1534 1513 1548 1542 :
1571 1500 1670 1561 Q,
1688 1498 1781 1543 dum
1784 1497 1877 1559 jam
1883 1498 1976 1559 fili-

368 1571 706 1633 cernimfinemfiti
719 1573 894 1631 temporis
907 1567 1147 1628 exspeblaret,
1161 1564 1229 1625 etsi
1243 1567 1358 1610 morti
1373 1579 1449 1609 non
1462 1564 1604 1623 potuit,
1616 1576 1749 1609 tamen
1766 1563 1980 1624 infirmita„

366 1643 467 1689 tibm
480 1638 699 1699 infitltavit.
739 1636 841 1683 Nec
856 1635 1018 1697 ignoto
1032 1664 1045 1685 ,
1070 1631 1204 1695 quhm
1222 1628 1381 1694 patum
1397 1627 1498 1675 fidei
1515 1625 1749 1692 Fulgentio
1771 1625 1875 1676 huic
1894 1634 1979 1677 tri-

367 1708 507 1754 buant
523 1704 681 1752 eruditi
697 1700 836 1766 prope
854 1715 1031 1745 omnes.
1071 1697 1161 1744 Sed
1174 1695 1257 1742 hac
1269 1695 1453 1759 quidem
1468 1695 1516 1739 in
1530 1710 1576 1740 re
1594 1692 1710 1739 nihil
1725 1694 1880 1746 video,
1900 1712 1979 1745 cut

365 1772 516 1821 fallere
532 1787 636 1818 eum
653 1783 879 1833 putemus.
899 1763 1147 1816 Namssiitn
1165 1763 1351 1824 Gorgias
1367 1759 1440 1806 ille
1455 1757 1590 1806 fuerit
1607 1757 1780 1807 Siculus
1799 1760 1978 1813 (Leon-

368 1839 483 1887 tium
498 1838 619 1884 enim
635 1832 795 1881 Siciliae
810 1831 1029 1895 oppidum
1042 1829 1133 1885 est)
1158 1830 1306 1891 potuit
1324 1825 1489 1872 Cincio
1506 1823 1623 1871 bella
1637 1825 1693 1871 de
1708 1842 1763 1872 eo
1781 1822 1983 1876 scriben-

370 1907 415 1953 di
430 1899 600 1951 occafio
617 1898 656 1947 se
672 1896 851 1947 offerte3
868 1893 1047 1959 ipseque
1060 1895 1195 1941 etiam
1211 1889 1364 1938 natalis
1378 1889 1505 1938 locus
1517 1896 1610 1953 ejus
1627 1892 1692 1938 rei
1707 1906 1978 1943 commone..

368 1971 538 2024 facete3
567 1967 675 2013 dum
691 1964 888 2012 triennio
901 1961 1097 2008 Siciliam
1112 1973 1277 2024 ptaetor
1290 1955 1533 2004 obtineret.
1579 1957 1628 2003 N
1631 1973 1680 2003 ec
1698 1957 1778 2020 qui
1801 1961 1841 2005 G
1848 1975 1979 2008 [κως

369 2035 482 2085 adet)
495 2034 643 2081 literas
659 2043 844 2079 amaret,
860 2042 911 2075 ut
926 2043 994 2075 res
1011 2029 1143 2073 etiam
1162 2026 1390 2072 Romanas
1406 2019 1685 2086 consignaret
1702 2023 1878 2072 Graecet
1899 2025 1979 2075 ab..

369 2103 555 2149 horrete
571 2112 745 2163 poterat
759 2095 812 2144 ab
827 2094 1005 2141 historia
1019 2091 1170 2154 inclyti
1185 2089 1300 2153 apud
1311 2092 1494 2138 Graecos
1511 2090 1700 2135 oratoris
1713 2120 1726 2138 ‚
1751 2088 1775 2136 ὲ
1791 2106 1885 2154 quo
1901 2088 1980 2139 sti-

369 2180 567 2215 tamenta
578 2165 778 2228 quaedam
800 2161 1016 2209 orationis
1048 2154 1228 2221 Γοργίεια
1253 2155 1532 2210 dicerentur;
1556 2151 1697 2217 ipsum
1717 2153 1978 2218 rhetoricari

371 2245 603 2282 vocaretur
622 2226 860 2292 φορμοὶζεινς
891 2227 1014 2287 cujus
1027 2226 1138 2271 item
1153 2222 1380 2271 orationes
1403 2219 1656 2284 lampadum
1679 2219 1981 2284 appellatione

368 2297 711 2361 infignirentu15
731 2296 839 2346 dies,
853 2291 1016 2356 quibus
1036 2288 1196 2336 habitae
1215 2286 1368 2342 eflent,
1381 2285 1478 2334 festi
1493 2300 1859 2350 nuncuparentur
1872 2307 1887 2335 .·
1906 2290 1980 2337 cui

371 2366 566 2426 denique
582 2378 713 2407 aurea
727 2359 788 2407 ob
805 2358 1056 2406 facundiam
1070 2352 1257 2418 Delphis
1269 2356 1419 2418 imago
1435 2351 1674 2399 constituta
1690 2349 1825 2400 foret.

441 2429 568 2474 Idem
588 2428 772 2473 Cincius
792 2462 799 2479 ‚
826 2439 982 2489 ptaetet
1003 2420 1229 2469 historiam
1241 2418 1382 2470 hanc,
1408 2416 1490 2463 alia
1502 2419 1637 2464 etiam
1650 2418 1810 2466 Latina
1824 2418 1981 2486 lingua

375 2493 556 2559 scripsit·
593 2493 655 2539 At
692 2508 745 2539 ue
760 2493 877 2538 inter
893 2506 972 2545 ea,
993 2487 1132 2535 libros
1157 2486 1212 2532 de
1233 2502 1281 2533 re
1308 2483 1519 2531 Militari:
1544 2499 1595 2531 ex
1613 2499 1810 2547 quorum
1823 2488 1980 2539 tertio,

376 2561 588 2624 quinem,
607 2562 654 2604 δε
686 2572 787 2605 exto
803 2593 814 2610 ‚
834 2557 1035 2621 quaedam
1052 2550 1224 2601 Gellius
1238 2550 1381 2599 adfert
1396 2549 1475 2597 lib,
1487 2565 1572 2601 xvi>
1595 2566 1687 2613 cap.
1700 2567 1771 2600 iv.
1815 2553 1914 2599 Iino
1932 2570 1984 2602 ex

370 2628 425 2673 iis
437 2626 511 2678 est,
526 2641 578 2672 ex
591 2623 752 2688 quibus
766 2623 982 2687 Vegetius
996 2618 1038 2668 se
1054 2616 1253 2684 agnoscit
1267 2615 1368 2665 suos
1383 2617 1439 2665 de
1454 2633 1501 2664 te
1513 2613 1693 2663 militari
1705 2632 1986 2667 commenta·

371 2693 462 2740 tios
472 2688 707 2744 conflaffe:
725 2687 756 2738 fi
770 2685 997 2753 sequimur
1011 2685 1351 2736 emendationes
1365 2679 1531 2735 Barthii
1543 2680 1625 2733 lib.
1643 2697 1781 2738 xxviu
1804 2683 1986 2753 Advetsl

1891 2766 1986 2822 capt
