2095 3065
391 134 456 184 ⁴24
763 125 1076 170 GERAnnr
1121 126 1655 172 IoANmsVossI

386 194 554 258 fitudens
567 190 608 237 in
625 188 792 236 Galbam
806 191 933 236 multa
946 190 1068 236 dixit.
1099 192 1159 238 Et
1172 191 1271 255 post
1285 206 1445 254 pauca:
1477 194 1611 254 Atque
1625 191 1744 239 etiam
1760 190 1878 253 ipsum
1892 194 2012 241 Libo-3

399 274 490 306 nem
504 273 581 304 non
592 255 784 318 infantem
800 256 907 304 video
914 256 1039 317 fuiffe,
1056 272 1101 304 ut
1116 274 1164 304 ex
1175 258 1407 303 orationibus
1422 259 1498 311 ejus
1510 260 1667 321 intelligi
1680 261 1816 319 potes‘i.
1842 257 2008 308 Memi=

398 326 469 372 nit
491 329 538 370 &
563 322 644 369 lib.
677 337 697 366 1
714 339 729 367 1
760 323 814 369 de
826 325 961 369 Orat·
981 327 1026 368 &
1042 322 1122 370 lib.
1142 338 1198 369 Χῖ
1213 339 1232 367 1
1261 324 1316 368 ad
1334 327 1433 369 Att.
1450 325 1573 387 epist.
1593 342 1638 370 v.
1669 328 1782 371 Item
1806 325 2007 387 epitome

399 391 584 436 Liviana
600 386 682 435 lib·
698 402 760 435 xi.
773 404 849 441 1x,
877 388 1140 436 &Valerius
1157 391 1277 435 Max.
1302 386 1379 434 lib.
1396 405 1525 436 v111
1553 407 1646 454 cap·
1680 408 1696 436 1
1709 421 1721 433 ·
1764 392 1899 436 Hune
1921 391 2007 439 esse

393 455 625 503 Libonem
638 453 765 501 illum
784 470 988 519 putamus
1003 487 1016 506 ‚
1041 472 1179 519 quem
1198 453 1375 501 annales
1388 453 1592 520 scripsisse
1608 486 1622 505 ‚
1650 460 1806 504 auctor
1820 457 1878 502 est
1895 457 2012 504 Tul-

399 522 486 569 lius
498 520 577 572 lib..
590 534 623 566 x
633 538 649 566 1
665 538 678 567 ι
695 538 708 566 ι
737 523 792 567 ad
805 526 899 567 Att.
918 538 991 585 ep.
1008 535 1073 567 xx
1081 536 1126 569 x:
1143 523 1219 566 Sed
1230 524 1270 566 in
1285 522 1440 573 Libonis
1452 525 1590 569 annali
1607 540 1688 571 xiv
1700 521 1900 582 annupossb
1909 537 2009 585 prae·

398 600 464 635 tor
474 588 593 644 fac'tm
608 590 661 634 essi
679 590 913 641 Tuditanus,
930 586 1051 649 que‘zm
1064 588 1191 650 consul
1208 590 1434 633 Mummius.
1464 592 1521 636 Et
1538 590 1657 653 epist.
1674 587 1762 654 seq.
1787 596 1885 633 Eum
1899 591 2008 638 video

398 656 442 701 in
453 655 634 704 Libonis,
657 667 881 715 pretorem,
908 657 960 698 L.
982 655 1166 718 Popillio,
1186 662 1228 700 P.
1242 655 1390 715 Rupilio
1405 656 1486 715 coff.
1497 661 1608 702 annis
1627 669 1715 704 xiv
1742 651 1834 702 ante
1848 684 1862 704 ,
1884 654 2006 717 quum

397 721 664 784 praetorfac‘lus
681 724 751 765 esst.

466 787 550 833 Sed
572 787 768 851 apertior
782 801 883 833 aetas
908 787 967 834 A.
995 786 1204 833 Postumii
1229 784 1381 833 Albini
1402 802 1414 833 :
1438 787 1517 851 qui
1531 804 1648 834 anno
1670 788 1832 832 12c111
1856 784 2011 834 consul

400 849 488 899 Fuit
508 855 681 900 euml..
697 853 874 898 Licinio
897 852 1088 900 Lucullo
1104 882 1118 903 >
1143 847 1340 899 ‘biennio
1366 851 1486 917 quasi
1507 868 1610 900 ante
1636 855 1818 901 tertium
1836 851 2008 898 bellum

405 919 648 966 Punicum.
666 920 755 964 Hic
769 932 928 983 praeter
938 918 1166 967 historiam
1186 922 1384 966 Graecam
1404 921 1419 975 (
1427 920 1582 983 deiqua
1593 923 1639 966 in
1654 919 1872 966 historicis
1890 921 2014 965 Grae-

408 984 471 1031 cis
486 984 695 1045 diximus)
720 988 855 1032 etiam
878 984 1055 1033 annales
1078 986 1263 1032 Latinos
1281 983 1480 1049 reliquit.
1515 988 1568 1031 In
1583 1001 1741 1034 eorum
1755 986 1903 1048 ptimo
1916 984 2012 1032 haee

407 1066 536 1098 erant
558 1050 693 1099 verba
707 1068 718 1097 ε
747 1050 800 1096 EA
814 1051 937 1111 causst
940 1051 1018 1113 siste
1018 1050 1187 1111 stultum
1201 1052 1434 1114 brutumque
1437 1051 1614 1113 faciebat
1626 1085 1639 1106 ,
1654 1051 1830 1117 groffitlos
1843 1067 1890 1097 ex
1901 1053 2011 1098 melle

403 1117 553 1164 edebat.
572 1117 772 1164 Adducit
784 1133 835 1164 ea
846 1115 1109 1166 Macrobius
1123 1115 1199 1165 lib.
1217 1134 1234 1163 1
1249 1134 1264 1163 1
1289 1119 1463 1165 Saturn.
1480 1134 1575 1181 cap.
1590 1135 1687 1167 ΧΠ
1699 1149 1710 1167 ,
1731 1131 1781 1163 ut
1794 1117 2009 1167 ostendat,

403 1178 517 1229 ficos
532 1215 544 1233 ,
572 1183 652 1246 qui
666 1199 762 1241 non
775 1183 1074 1232 maturescunt
1089 1216 1101 1239 ,
1123 1202 1171 1231 ac
1190 1182 1340 1231 Graece
1360 1182 1507 1237 ὄλυνθοι
1528 1198 1745 1231 vocantur
1759 1212 1772 1231 ‚
1798 1183 1823 1229 ἐι
1839 1184 2012 1233 Latinis

406 1246 578 1311 groffos
590 1247 812 1312 appellari.
829 1252 974 1296 Etiam
986 1247 1223 1298 Priscianus
1237 1251 1284 1295 in
1300 1265 1358 1297 VI
1373 1266 1393 1294 1
1411 1265 1499 1296 tres
1511 1247 1657 1297 versus
1673 1250 1850 1297 adducit
1867 1264 1919 1295 ex
1934 1247 2013 1299 Al-

397 1313 503 1375 bini
530 1315 688 1378 primo‘
703 1331 859 1362 rerum
875 1318 1204 1365 Romanarum.
1245 1316 1334 1364 Sed
1360 1314 1468 1363 alius
1487 1314 1563 1363 ille
1587 1317 1760 1365 videtur
1777 1343 1791 1364 ³
1819 1316 1885 1361 uti
1905 1312 2012 1364 alibi

410 1379 600 1427 dietum.
813 1436 817 1439 =
1074 1419 1076 1422 ,
1259 1412 1263 1415 ,

474 1448 586 1493 Satis
602 1448 737 1504 etiarn
752 1448 896 1513 liquet
910 1481 923 1499 2
948 1446 1210 1511 quavixerit
1224 1464 1348 1498 aetate
1363 1451 1418 1495 L.
1433 1447 1706 1514 Calpurnius
1721 1450 1777 1495 L.
1794 1450 1840 1497 F.
1859 1449 1922 1495 C·
1941 1448 2009 1495 N.

403 1510 508 1558 Piso
526 1514 666 1577 Frugi.
695 1515 766 1562 Est
780 1516 901 1562 enirn
917 1511 1090 1566 hicine,
1105 1517 1183 1579 qui
1198 1518 1367 1581 primus
1382 1515 1531 1579 legem
1544 1515 1649 1561 tulit
1663 1514 1718 1561 de
1733 1515 2024 1578 repetundis,

404 1594 504 1642 quae
519 1578 763 1642 Calpurnia
774 1582 948 1626 dicitur.
978 1581 1030 1625 Id
1044 1597 1194 1628 autem
1210 1583 1390 1645 quando
1404 1581 1572 1628 factum
1594 1578 1645 1626 fit
1658 1611 1672 1629 ,
1692 1581 1826 1627 docet
1844 1581 2012 1627 Cicero

406 1645 455 1690 in
466 1647 603 1691 Bruto
620 1643 687 1691 his
704 1645 847 1694 verbis
865 1664 875 1692 :
899 1653 942 1690 L.
957 1648 1060 1692 enim
1073 1647 1152 1707 Piso
1163 1679 1175 1698 ‚
1194 1653 1238 1693 T
1233 1649 1308 1694 rib.
1334 1648 1459 1694 Plebis
1472 1679 1486 1697 ‚
1503 1649 1624 1708 legem
1633 1648 1777 1707 primus
1792 1646 1837 1692 de
1844 1648 2013 1706 pecuniis

407 1711 624 1771 repetundis
639 1740 654 1759 ,
670 1712 873 1773 Censorino
884 1721 931 1757 (φ
941 1715 1105 1759 Manilio
1119 1713 1201 1772 coff-
1220 1716 1331 1760 tulit.
1374 1710 1673 1761 Consulatum
1684 1726 1833 1758 autem
1845 1709 2011 1775 gessere

406 1792 526 1822 anno
541 1776 640 1839 post
661 1781 715 1824 V.
734 1779 795 1824 C.
808 1780 936 1827 Iocv.
966 1780 1125 1841 Itaque
1140 1779 1441 1844 idem'Cicero
1456 1775 1573 1823 libro
1597 1792 1616 1821 1
1631 1791 1650 1821 1
1670 1778 1725 1823 de
1743 1775 1921 1825 Officiis
1935 1778 2011 1825 ait:

404 1841 593 1888 Nondum
604 1855 758 1889 centum
773 1851 822 1891 ἴθ’
834 1843 963 1889 decem
971 1844 1165 1904 unnifimt
1178 1876 1190 1895 ‚
1225 1842 1312 1891 ciem
1322 1846 1368 1891 de
1374 1845 1543 1905 pecuniis
1554 1844 1769 1903 repetundis
1780 1841 1806 1888 ὰ
1819 1847 1855 1888 L
1867 1876 1879 1887 .
1905 1844 2008 1905 Pistr-

405 1922 455 1953 ne
469 1908 554 1952 lata
573 1908 637 1952 lex
650 1907 699 1969 est
713 1941 724 1959 ‚
757 1911 867 1956 nulla
887 1922 1006 1955 antea
1019 1905 1253 1971 cumfuiffet.
1283 1910 1558 1975 Cognomen
1572 1910 1702 1972 Frugi
1723 1910 1764 1955 ei
1781 1908 1936 1957 tribuit
1963 1911 2014 1958 in

406 1973 599 2018 Verrinti
614 1991 656 2021 v.-
676 1982 719 2021 L.
734 1976 813 2037 Pifir
842 1977 905 2020 ille
917 1977 1035 2038 Frugi
1050 1977 1167 2038 legem
1180 1978 1227 2022 de
1243 1981 1414 2037 pecuniis
1438 1976 1654 2037 repetundis
1681 1978 1790 2023 tulit.
1816 1979 1930 2040 Qo
1956 1977 2013 2023 de

409 2040 684 2101 cognomine
708 2040 865 2105 (quod
881 2042 1015 2087 etiam
1027 2044 1075 2086 in
1086 2044 1284 2089 nummis
1298 2046 1392 2106 eJ'us
1402 2042 1630 2089 invenitur
1647 2046 1664 2104 )
1692 2042 1752 2087 ita
1774 2042 1949 2092 Tullius
1962 2043 2012 2088 in

411 2100 595 2149 Tuscul.
617 2121 637 2150 1
654 2121 668 2150 x
685 2121 723 2154 τε
750 2108 927 2168 Reliquas
938 2109 1059 2153 etiam
1074 2108 1442 2171 virtutesftugalitus
1452 2109 1641 2159 continet5
1659 2122 1738 2168 que
1750 2108 1823 2169 nili
1832 2121 1949 2156 tanta
1961 2106 2016 2168 efi

402 2169 489 2228 set,
508 2169 558 2218 &
573 2200 585 2220 ,
594 2170 635 2230 fi
645 2174 687 2217 iis
696 2172 887 2235 angustiis,
904 2173 1038 2234 quibus
1048 2175 1219 2233 plerique
1226 2186 1395 2234 putant,
1412 2185 1607 2220 teneretur
1617 2193 1630 2229 5
1653 2187 1854 2235 nunquam
1870 2170 2016 2234 effletL.

412 2234 550 2292 Pifirnis
575 2250 777 2299 cognomen
802 2251 1000 2299 tantopere
1023 2239 1244 2285 laudatum.
1281 2241 1337 2286 Et
1360 2240 1565 2286 oratione
1592 2255 1673 2303 pro
1699 2242 1770 2286 M.
1796 2240 2014 2290 Fonteio:

413 2298 557 2360 Exstat
572 2305 693 2350 oratio
710 2306 873 2350 hominis
892 2333 903 2353 ‚
931 2317 976 2350 ut
990 2303 1116 2366 opinio
1127 2305 1303 2366 meafert
1315 2338 1330 2358 ‚
1350 2303 1561 2366 nostrorum
1571 2306 1772 2352 hominum
1785 2306 1891 2370 longi?
1905 2310 2018 2371 inge-¹

413 2364 625 2424 niofiffimi‚
644 2382 763 2430 atque
772 2372 1060 2430 eloquentzffirni
1073 2404 1087 2424 ‚
1104 2379 1149 2416 C.
1165 2372 1354 2417 Gracchi:
1368 2369 1444 2431 qut
1458 2372 1498 2416 in
1511 2373 1684 2417 oratione
1692 2376 1887 2431 permulta
1900 2376 1942 2420 in
1958 2377 2014 2418 L.

416 2430 587 2490 Pifhnem
602 2438 748 2495 turpia,
765 2435 1018 2498 acflagitiofiz,
1031 2436 1229 2499 dicuntur.
1262 2440 1320 2483 At
1333 2440 1374 2483 in
1390 2451 1504 2498 quem
1524 2439 1669 2485 virum!
1682 2441 1748 2497 qui
1762 2437 1878 2485 tanta?
1891 2441 2021 2488 virtu-

412 2508 460 2542 te
470 2527 481 2546 ‚
497 2508 617 2557 atque
629 2500 854 2563 integritate
864 2534 878 2554 ‚
885 2501 973 2561 fuit
984 2534 999 2554 ,
1021 2502 1196 2549 ucetiam
1209 2504 1278 2549 illis
1289 2505 1439 2564 optimis
1453 2503 1680 2564 temporibus
1693 2535 1706 2555 ,
1732 2502 1815 2550 crim
1826 2506 2022 2554 hominem

380 2612 385 2615 v
417 2563 590 2610 invenire
603 2579 771 2626 nequam
784 2570 976 2613 neminem
984 2567 1112 2628 poffies,
1122 2568 1222 2628 solus
1235 2582 1368 2616 tamen
1380 2571 1498 2631 Frugi
1511 2571 1796 2617 nominaretur:
1810 2586 1925 2631 quem
1935 2569 2022 2620 crim

418 2628 461 2673 in
475 2630 690 2676 concionem
705 2634 893 2679 Gracchus
904 2636 1033 2682 vocari
1035 2632 1218 2697 juberet,
1246 2635 1297 2686 (θ’
1313 2638 1442 2684 viator
1453 2647 1629 2696 quereret
1642 2662 1658 2684 2
1683 2651 1799 2696 quem
1816 2638 2021 2696 Pisonem}

418 2694 513 2760 quie
526 2698 791 2766 erantpluresff
806 2703 900 2762 cogis
913 2714 989 2767 me,
1006 2701 1151 2767 inquit,
1165 2701 1287 2768 dicere
1298 2703 1497 2769 inimicum
1510 2716 1655 2769 meum,
1673 2705 1808 2767 Frugi.
1840 2700 2022 2813 Cimsu-

1901 2781 2024 2815 atum
