2095 3065
465 115 536 146 nr.
573 103 839 148 Hxs'ron.
877 101 1270 162 Larrn.L1rs.
1315 106 1352 148 Ι.
1627 120 1689 164 93

205 171 259 215 11
277 183 304 215 u
319 184 338 215 s
379 169 416 216 L
432 183 484 214 ιν
503 185 517 213 1
536 183 565 213 u
579 184 597 215 s
637 168 869 213 patavinus
887 195 898 215 ‚
919 169 1026 229 quin
1041 163 1194 213 fuerit,
1212 184 1350 215 nenio
1362 166 1563 234 ambigit.
1602 171 1691 219 sed

199 252 293 281 non
311 234 433 298 aeque
449 249 650 298 apertum
669 264 680 279 ‚
713 232 861 279 utrum
879 246 1008 278 natus
1035 229 1148 277 sitin
1173 237 1345 295 Apono
1360 241 1458 283 vico
1474 266 1486 284 ‚
1505 239 1582 301 qui
1599 237 1688 284 ho-

90 303 161 349 die
191 304 327 347 Abano
345 319 355 347 ε
381 317 429 348 ut
453 317 508 346 eo
527 299 665 344 modo
684 300 854 344 dicatur
869 298 1114 347 Patavium,
1130 314 1225 360 quo
1247 296 1379 346 Maro
1398 302 1538 349 dietus
1554 308 1689 351 Man-

90 383 266 420 tuanus,
282 369 386 430 quia
408 363 608 413 Andibus
626 379 768 418 natus,
784 366 862 428 qui
876 364 995 410 vicus
1010 364 1055 408 in
1071 380 1176 427 agro
1192 378 1284 409 erat
1300 368 1568 414 Mantuano.
1622 369 1683 416 *ui

91 431 377 497 Aponensem
395 433 568 478 Livium
584 429 769 478 faciunt,
791 429 996 476 adferunt
1011 429 1228 476 Martialis
1242 429 1324 476 lib.
1341 448 1354 476 1
1380 449 1537 496 ep-rxr
1557 452 1596 481 1:

236 498 417 558 Cenfiztztr
429 509 559 557 Aponae
575 498 752 556 Liviosuo
768 499 892 542 tellus.

90 566 147 610 Et
172 560 266 608 sane
297 580 409 609 unus
441 562 513 608 hic
542 561 666 609 locus
686 579 816 624 prora
832 567 878 608 &
905 561 1062 626 puppis
1076 561 1125 607 iis
1141 563 1329 625 videtur,
1347 565 1485 627 quiin
1502 568 1606 615 vico
1623 585 1679 616 eo

83 644 236 676 natum
261 626 381 675 fuisse
406 631 587 677 Livium
612 630 908 674 crediderunt}
957 631 1062 690 Qa
1082 629 1128 672 in
1143 625 1385 678 sententia,
1409 632 1678 697 utintelligo

84 712 134 744 ex
151 691 404 740 Clarissimo
426 695 797 758 Pignorio‚etiam
814 694 873 740 est
890 691 1154 741 Guilielmus
1169 695 1442 759 Ongarillius
1457 731 1470 749 ,
1497 694 1649 745 histori
1661 725 1692 744 -.

85 778 161 808 cus
187 762 417 806 patavinus
441 777 523 806 nec
546 762 654 806 dum
680 761 840 805 editus·
882 757 1010 806 Sedfi
1025 761 1182 806 Livius
1202 763 1352 824 Aponi
1369 777 1496 808 natus
1511 763 1533 810 ὲ
1550 767 1677 810 ΜΗ-

83 826 185 874 tiale
202 826 509 881 dicatur,idem
524 823 674 872 dixiffe
686 826 928 872 credendus
945 826 999 871 de
1016 823 1161 877 Stel-la,
1182 831 1226 873 δε
1250 827 1414 874 Flacco.
1436 833 1575 893 Atqui
1594 830 1678 890 ob-

85 893 192 938 stare
206 892 376 937 videtur
390 890 495 939 illud
508 887 698 949 ejusdem
713 889 813 936 libri
831 894 971 955 epigr.
993 906 1127 938 Lxxvi
1146 908 1183 938 1:

23 1012 30 1017 K
227 958 360 1003 flacce
376 958 585 1003 Antenorei
589 958 671 1018 spes
682 966 731 1003 ἐφ’
741 958 898 1002 alumne
910 961 1014 1002 laria.

78 1021 176 1073 Ubi
190 1024 236 1069 in
252 1022 516 1070 Antenoreo
533 1052 544 1071 ‚
576 1020 664 1068 hoc
680 1024 740 1069 est
769 1024 986 1071 Patavino
1009 1020 1098 1070 lare
1113 1038 1266 1070 natum
1281 1041 1375 1072 non
1391 1025 1576 1075 obscure
1593 1028 1671 1076 ait.

82 1096 231 1149 Qare
242 1090 501 1137 videndum>
519 1105 575 1134 an
589 1104 682 1135 non
695 1086 750 1135 ab
767 1091 934 1152 Apono
951 1087 1093 1144 fonte,
1111 1092 1189 1153 qui
1202 1088 1565 1141 celebratissimus
1583 1111 1677 1143 erat

81 1156 197 1202 inter
207 1170 339 1217 aquas
354 1155 587 1203 Pataviuas
603 1183 617 1202 ‚
637 1163 668 1199 Α
680 1171 846 1217 ponam
867 1169 1027 1201 terram
1042 1158 1289 1217 generatim
1319 1158 1481 1205 dixerit
1493 1177 1574 1223 pro
1592 1163 1678 1207 Pa-

81 1222 253 1267 tavina:
288 1237 381 1266 non
398 1237 479 1284 pro
495 1221 664 1283 Apono
678 1221 776 1265 vico
793 1253 803 1269 ‚
828 1221 951 1279 cujus
976 1219 1191 1266 Martialis
1205 1236 1293 1267 tem
1300 1223 1489 1285 poribus
1499 1225 1674 1272 nullum

76 1284 202 1333 fuiffe
216 1302 383 1333 nomen
397 1287 585 1332 videtur.
627 1285 788 1348 Estque
812 1288 858 1331 in
877 1285 956 1331 hac
970 1289 1104 1331 etiam
1123 1283 1339 1334 sententia
1366 1289 1388 1336 ὁ
1406 1291 1671 1351 μοικαιρλνιπς.

79 1351 316 1400 Cluverius
331 1352 477 1398 noster
493 1348 674 1399 inItalia
687 1348 776 1396 sua.
818 1349 995 1415 Scripsit
1014 1352 1168 1397 Livius
1179 1353 1275 1415 post
1286 1356 1467 1416 quidem
1485 1358 1672 1421 Augusti.

80 1416 358 1480 triumphum
380 1419 433 1464 de
448 1415 568 1464 bello
584 1418 784 1467 Astiaco,
800 1418 876 1480 qui
890 1417 1047 1462 incidit
1058 1420 1106 1463 in
1117 1434 1283 1464 annum
1298 1419 1439 1468 Urbis
1452 1423 1530 1468 Ioc
1538 1440 1668 1476 cxxv,

81 1482 166 1532 five
183 1480 458 1530 consulatum
472 1484 651 1545 Augusti
664 1486 720 1528 V:
746 1498 846 1529 ante
862 1484 969 1530 vero
984 1482 1241 1530 Cantabros
1257 1485 1394 1532 ductu
1417 1489 1468 1532 L.
1496 1489 1671 1536 Antistii

80 1550 296 1598 domitos,
314 1550 437 1611 quod
451 1547 534 1594 fuit
546 1566 664 1594 anno
691 1550 889 1593 Ioccxxx
907 1579 920 1601 ,
933 1544 1018 1594 five
1033 1547 1465 1614 consulatuAugusti
1482 1570 1523 1598 x.
1563 1558 1671 1601 Hoc

79 1614 225 1678 liquet
248 1629 299 1658 ex
320 1613 462 1660 verbis
486 1611 570 1659 illis
585 1610 715 1676 ipfius
730 1613 842 1658 Livii
854 1611 935 1658 lib·
960 1629 996 1659 1:
1024 1612 1086 1658 fiis
1100 1614 1234 1667 deinde
1243 1618 1325 1674 pos‘Z
1339 1619 1483 1683 Qmae
1498 1632 1673 1681 tempora

81 1689 194 1728 Ianus
213 1678 444 1740 claususfuit
461 1694 471 1729 2
483 1677 606 1740 st’mel
619 1688 660 1724 T.
686 1678 849 1724 Manlio
876 1678 959 1740 Cofi
982 1678 1068 1739 possi!v
1081 1682 1266 1725 Punicum
1277 1683 1449 1740 primum
1459 1685 1671 1744 perfefium

79 1747 233 1792 bellum,
249 1745 390 1790 iterum
404 1745 507 1805 quod
520 1747 647 1790 nos‘irae
660 1746 762 1789 1§atati
772 1745 826 1789 dii
838 1745 1039 1794 dederunt,
1055 1757 1100 1790 ut
1111 1746 1319 1793 videremus
1333 1780 1349 1799 ,
1367 1751 1450 1808 possi
1464 1751 1605 1795 bellum
1619 1761 1674 1796 Α-

79 1812 263 1858 cliuum,
290 1810 339 1855 ab
353 1819 583 1872 Imperatore
598 1809 738 1870 Caesare
749 1809 910 1871 Augusto
927 1839 941 1860 ‚
974 1823 1068 1871 pace
1088 1823 1192 1856 term
1210 1809 1349 1876 mariq}
1368 1826 1501 1873 parta.
1554 1819 1671 1865 Satis

78 1873 243 1923 constat
268 1888 334 1921 ter
355 1874 411 1922 ab
438 1876 636 1938 Augusto
651 1871 938 1923 clausumeffe
952 1875 1171 1939 templum
1191 1879 1295 1940 Jani
1308 1910 1321 1929 ,
1353 1876 1546 1927 secundo
1563 1884 1670 1945 qui·

79 1941 182 1987 dem
202 1957 320 1987 anno
343 1941 477 1990 Urbis
507 1945 706 1987 loccxxx
727 1973 740 1993 ,
761 1941 995 1988 Cantabris
1009 1942 1205 1988 devictis.
1244 1943 1405 1990 Tertio
1423 1962 1573 1993 autem
1594 1965 1672 1994 an-

81 2023 143 2052 no
163 2004 387 2068 sequenti,
413 2005 498 2053 five
517 2005 744 2053 consulatu
768 2008 953 2071 Augusti
969 2024 1039 2054 xr.
1087 2007 1208 2054 Cum
1231 2009 1336 2054 veto
1360 2012 1511 2058 Livius
1535 2011 1674 2060 semel

4 2111 8 2113 Δ
77 2071 295 2118 duntaxat
319 2068 391 2117 sua
415 2087 539 2119 aetate
559 2070 750 2119 claufiim
766 2073 886 2120 dicat
910 2110 923 2130 ,
949 2073 1056 2137 quid
1082 2074 1275 2137 apertius
1302 2077 1438 2138 quam
1465 2075 1670 2141 scripfiffe

75 2136 166 2187 ista,
197 2151 433 2199 antequam
465 2136 657 2185 secundo
679 2137 905 2203 tertioque
932 2138 1226 2186 clauderetur·
1279 2143 1557 2205 Qanquam
1589 2162 1670 2192 ve-

75 2203 125 2247 to
139 2198 215 2248 sub
232 2202 427 2265 Augusto
444 2205 627 2267 quidem
642 2203 866 2250 historiam
881 2201 999 2252 suam
1017 2205 1154 2251 edidit
1167 2237 1182 2257 ‚
1211 2201 1282 2251 sed
1298 2222 1353 2252 eo
1368 2207 1532 2254 diutius
1544 2211 1669 2258 vixit.

78 2274 253 2327 Qarto
279 2269 399 2314 enim
415 2268 531 2315 obiit
548 2268 719 2315 Tiberii
738 2287 874 2320 anno,
895 2272 1031 2318 aetatis
1057 2267 1138 2316 suae
1158 2287 1398 2335 Lxxv1‚quo
1416 2278 1460 2320 ὃς
1478 2276 1671 2323 Ovidius

75 2331 253 2380 deceffit
275 2336 502 2381 Tomis:ut
513 2335 567 2381 de
582 2349 779 2399 utroque
797 2336 1007 2384 Eusebius
1021 2337 1069 2382 in
1084 2338 1122 2382 C
1131 2334 1327 2383 hronicis
1341 2338 1536 2385 restatur.
1547 2342 1575 2385 S
1582 2342 1671 2387 cri-

76 2396 157 2461 pfit
170 2397 448 2446 historiarum
463 2399 599 2447 libros
615 2417 718 2456 ext,
732 2402 803 2449 vel
817 2402 964 2466 potius
981 2417 1089 2448 cxm
1107 2417 1123 2445 1
1145 2435 1156 2452 ‚
1184 2406 1330 2466 utjam
1348 2403 1457 2450 olim
1488 2408 1673 2468 agnovit

77 2464 326 2511 Petrarcha.
369 2467 425 2512 Iis
451 2464 833 2529 complesstebatur
857 2485 924 2514 res
949 2471 1179 2515 Romanas
1202 2468 1255 2513 ab
1282 2471 1342 2514 V.
1365 2470 1420 2515 C.
1455 2468 1594 2533 usque
1617 2474 1673 2518 ad

16 2528 20 2530 ’
77 2526 244 2575 bellum
269 2533 317 2575 in
345 2532 582 2577 Germania
604 2532 774 2593 gestum
796 2535 820 2580 a
846 2530 1025 2588 Druso,
1063 2528 1244 2596 ejusque
1258 2550 1470 2581 mortem.
1508 2539 1569 2582 Ex
1585 2536 1674 2584 illis

74 2592 156 2639 soli
180 2591 402 2657 supersunt
424 2612 545 2644 xxxv.
589 2598 709 2643 Nam
733 2594 920 2646 secunda
936 2600 1067 2663 periit
1091 2600 1219 2648 decas
1245 2634 1261 2655 ‚
1300 2604 1347 2647 &
1374 2602 1590 2664 quicquid
1606 2598 1675 2648 se-

70 2657 290 2724 quebatur
319 2658 483 2709 librum
506 2661 884 2727 quadragefimum
908 2664 1145 2729 quinstum
1168 2697 1180 2711 .
1248 2667 1534 2715 Caeterorum
1563 2665 1678 2712 nihil

938 2732 994 2781 M
1039 2748 1061 2793 3
1540 2730 1679 2779 habe·
