2095 3065
341 129 417 163 nn
461 112 746 161 His-ron.
789 109 1336 163 LAT1N.L1n.II'-v
1562 106 1641 173 133

34 186 156 238 moria
160 182 362 248 singularis
382 210 398 232 ‚
416 196 534 242 quam
548 195 659 227 nemo
678 217 691 239 ,
706 176 778 238 nist
794 179 975 226 Acholius
987 212 1002 234 ‚
1018 179 1176 240 ferebat
1190 179 1390 231 adjutam..

100 248 166 316 Ju
179 268 202 298 1.
217 266 231 295 1
246 265 275 296 u
289 265 308 295 s
350 249 389 294 A
405 261 431 291 ι·
449 263 472 293 ε
496 263 525 295 a
543 263 555 293 ι
577 262 601 293 A
625 263 654 292 N
674 262 702 291 u
719 261 756 291 s¹
784 259 1005 308 quantum
1020 244 1231 310 dispicere
1251 240 1443 308 possum,
1461 259 1643 310 tempo-

34 336 80 367 te
95 334 171 364 xxx
185 329 488 378 tyrannorum,
508 311 576 360 vel
589 309 738 376 paullo
763 310 860 375 post
875 312 980 358 vixit
994 342 1005 359 ‚
1034 312 1145 358 &de
1159 311 1212 356 iis
1226 326 1300 356 aut
1317 308 1464 358 saltem
1485 313 1538 358 de
1556 314 1638 358 Vi-

36 385 215 432 &utino
232 394 518 442 tyrannorum
534 395 642 430 uno,
661 378 864 441 quaedam
880 374 1171 440 consignavit.
1216 375 1469 424 Trebellius
1486 375 1637 425 Pollio

38 454 85 496 in
97 448 332 495 Victorino
348 476 360 493 ‚
390 460 677 506 tyrannorum
693 443 879 505 quinsto
896 476 910 494 ‚
923 442 1017 489 haec
1033 448 1127 506 ejus
1145 458 1196 489 ex
1217 440 1335 490 libro
1353 441 1634 507 transcripsit:

42 517 249 563 Victorino,
275 513 341 571 qui
355 512 503 555 Gallias
516 512 599 569 post
617 510 776 555 Iunium
794 509 1064 556 Poslhumium
1087 511 1212 559 rexit,
1239 510 1434 555 neminem
1458 509 1634 570 existimo

35 579 317 642 pras-erendum.
359 577 458 639 Άζρη
484 578 524 621 in
551 578 695 624 virtute
723 579 936 629 Trajanum
950 606 963 626 .
989 591 1066 622 non
1081 577 1321 623 Antoninum
1335 579 1375 621 in
1393 576 1627 625 Clementia,

38 661 113 692 non
133 648 172 690 in
179 646 377 706 gravitate
393 646 575 705 Nervam
586 675 598 694 ,
627 657 703 687 non
727 643 768 686 in
773 642 1023 704 gubernando
1035 645 1165 689 orario
1183 639 1454 703 Vespasianum
1467 671 1481 693 ,
1505 644 1633 686 nonin

38 709 190 771 cenficra
203 712 319 755 totius
329 711 412 754 vita
428 740 439 760 ‚
456 724 501 753 ac
502 706 713 767 severitate
723 709 886 753 militari
900 741 915 761 ‚
945 709 1191 755 Pertinacem
1204 741 1216 758 ‚
1246 710 1308 755 vel
1321 711 1526 753 Severum.
1561 708 1637 752 Sed

40 777 168 823 omnia
182 777 251 821 hac
263 806 276 824 ,
301 775 414 820 libido
427 805 439 823 ‚
469 775 517 822 ἐφ’
540 774 722 833 cupiditas
739 775 962 819 mulieraria
986 776 1190 834 voluptatis
1195 773 1253 834 fic
1261 773 1445 833 perdidit,
1458 784 1503 816 ut
1522 786 1635 816 nemo

39 843 182 888 audeat
195 844 354 890 virtutes
364 840 442 904 ejus
454 841 494 884 in
507 840 638 884 literas
652 841 806 885 mittere
815 872 829 891 ,
843 854 958 898 quem
976 839 1116 902 constat
1130 839 1450 892 omniumjudicio
1464 835 1635 895 meruisse

39 909 186 969 puniri.

107 976 146 1019 G
166 985 231 1019 Ar.
245 986 270 1017 1.
286 987 341 1017 us
376 970 413 1014 A
428 987 458 1018 N
476 987 565 1016 ’r11’
580 985 613 1015 A
631 985 660 1015 τ
679 985 702 1015 E
721 987 754 1018 R
769 1003 782 1022 ,
818 967 903 1018 five
932 970 1172 1034 Antipater
1194 969 1362 1019 Gallus,
1377 969 1515 1026 vitam
1534 967 1635 1015 Au-

41 1037 163 1086 reoli,
180 1035 252 1084 seu
267 1031 459 1086 Caesaris,
473 1034 546 1083 seu
561 1039 750 1097 tyranni,
767 1033 949 1100 scripfit',
967 1035 1038 1082 sed
1060 1034 1146 1082 fide
1157 1054 1252 1083 non
1266 1037 1406 1090 bona,
1419 1040 1465 1082 ὃς
1480 1035 1637 1083 admo-

41 1105 148 1150 dum
162 1104 329 1166 inepte.
372 1098 625 1149 Trebellius
642 1099 786 1148 Pollio
800 1103 846 1148 in
867 1103 987 1150 Divo
1011 1102 1230 1150 Claudio:
1268 1103 1398 1149 Gallus
1426 1103 1635 1162 Antipater

40 1170 180 1216 ancilla
190 1170 375 1214 honorum
388 1169 525 1229 (itain
537 1165 808 1214 membranis
821 1165 903 1214 suis
919 1166 1230 1223 Calaubonus,
1246 1173 1291 1216 &
1306 1164 1539 1214 Salmafius
1560 1167 1635 1212 in·

40 1239 233 1295 venere)
279 1235 329 1284 &³
338 1235 598 1281 historicorum
611 1234 989 1296 dehonestamentum
998 1266 1010 1285 ‚
1020 1236 1251 1295 principium
1264 1236 1311 1281 de
1322 1230 1485 1279 Aureolo
1486 1230 1546 1290 sic
1555 1231 1635 1278 ha·

43 1300 126 1346 buit
152 1330 167 1354 ‚
215 1313 495 1347 veNmus
532 1312 609 1345 An
663 1314 1137 1348 IMPERATOREM
1185 1316 1217 1346 N
1243 1312 1468 1347 0M1N1s
1518 1308 1630 1346 sui.

41 1367 204 1427 Magna
215 1364 292 1428 ejus
307 1366 479 1414 videlicet
492 1366 629 1417 virtus,
645 1365 695 1411 ab
707 1381 802 1413 auro
812 1381 951 1413 nomen
964 1368 1144 1426 accipere.

105 1430 430 1477 Aurelianiaevo
443 1428 528 1476 fu'it
558 1431 598 1477 A
611 1446 684 1477 un
696 1448 719 1477 Ε
732 1449 757 1478 L
772 1449 787 1477 1
804 1448 834 1477 A
852 1447 883 1478 Ν
898 1449 927 1479 ιι
940 1449 959 1479 s
985 1434 1014 1478 F
1031 1448 1056 1477 E
1073 1448 1132 1478 st
1150 1447 1164 1477 1
1186 1449 1211 1479 v
1225 1448 1255 1478 ιι
1269 1427 1492 1480 &Constans
1515 1426 1627 1490 ejuss

40 1512 91 1544 ce
105 1494 289 1543 libertus
307 1527 319 1547 ‚
334 1497 412 1560 qui
424 1497 559 1544 vitam
574 1496 703 1541 Firmi
717 1498 891 1559 tyranni
914 1496 1121 1544 inliteras
1135 1496 1302 1544 retulit.
1339 1494 1556 1558 Vopiscus
1581 1497 1631 1540 in

39 1564 211 1609 Firmo:
250 1567 341 1608 Hac
361 1577 426 1607 nos
448 1562 493 1606 de
502 1563 627 1605 Firmo
643 1562 846 1622 cognovisse
858 1594 872 1614 ,
887 1562 985 1623 scire
996 1561 1254 1623 debuisti‚sed
1267 1563 1382 1625 digna
1393 1574 1627 1607 memoratu.

39 1630 157 1692 Ram
172 1642 216 1672 ea
225 1661 238 1679 ,
264 1643 342 1688 qua
355 1629 400 1672 de
411 1628 474 1672 illo
486 1627 712 1672 Aurelianus
726 1627 895 1689 Festinus
905 1660 919 1681 ,
945 1628 1103 1674 libertus
1115 1628 1313 1674 Aureliani
1327 1659 1340 1680 ,
1350 1625 1556 1689 sigillatim
1568 1642 1633 1672 re-

41 1693 149 1742 tulit,
152 1691 192 1752 fi
208 1698 261 1741 vis
274 1691 500 1756 cognoscere,
518 1691 677 1736 eundem
691 1706 837 1754 oportet
851 1695 965 1756 legas:
977 1691 1172 1744 maxime,
1191 1690 1274 1740 cum
1288 1694 1392 1739 dicat
1408 1725 1421 1744 ‚
1454 1690 1635 1737 Firmum

38 1759 199 1805 eundem
209 1760 311 1804 inter
321 1759 515 1804 crocodilos
531 1759 685 1802 anuum
701 1760 969 1804 crocodilorum
991 1759 1161 1818 adipibus
1175 1756 1318 1816 natdffi’
1328 1790 1342 1809 ‚
1371 1757 1422 1807 &⁵
1450 1759 1634 1817 elephan-

39 1838 124 1870 tum
137 1824 280 1882 rexisse,
298 1825 346 1874 ὠ
364 1824 640 1885 hippopotamos
654 1823 758 1882 ediffe
773 1856 785 1874 ‚
811 1823 1061 1884 &sedentem
1075 1825 1289 1887 ingentibus
1303 1822 1626 1884 struthiocamelis

45 1893 194 1939 vellum
209 1888 287 1947 effe,
303 1892 352 1940 &²
368 1887 475 1950 quasi
488 1887 667 1946 volitdffe.

108 1952 305 2011 Ejusdem
321 1952 498 2002 Caesaris
516 1967 642 2000 aetare
656 1953 832 2001 vivebat
864 1955 905 2001 C
918 1972 947 2001 o
961 1971 996 2002 R
1015 1971 1045 2002 N
1066 1971 1090 2001 ε
1108 1971 1157 2001 ιι
1174 1972 1201 2002 u
1215 1974 1236 2004 s
1273 1956 1312 2002 C
1329 1968 1361 2000 A
1375 1970 1400 1999 P
1416 1969 1432 1998 1
1449 1969 1478 1998 ’r
1493 1969 1522 1998 o
1538 1968 1563 1998 1.
1586 1968 1633 1997 1-

42 2038 73 2068 N
88 2035 118 2065 u
134 2035 168 2065 s.
194 2015 428 2066 'Laudatur
453 2020 477 2066 a
495 2018 727 2066 Trebellio
754 2019 959 2067 Pollione
971 2022 1017 2069 in
1033 2023 1247 2068 Odenato
1263 2053 1275 2073 ,
1307 2020 1384 2066 ubi
1399 2031 1457 2065 ex
1478 2034 1534 2064 eo
1548 2033 1636 2064 tra·

43 2089 108 2134 dit
130 2114 143 2134 ³
186 2084 437 2132 Zenobiam
466 2083 587 2132 fuisse
615 2085 853 2134 mulierum
881 2086 1165 2134 orientalium
1188 2104 1283 2133 non
1310 2080 1631 2132 nobiliffimam

45 2149 279 2203 modb,sed
293 2155 425 2198 etlam
438 2148 806 2214 speciofiffimam.

106 2220 371 2265 Sue-tomus
412 2219 667 2264 OPTATrAN
677 2234 724 2263 us
744 2247 771 2278 ,N
787 2215 871 2264 five
883 2250 895 2270 ,
910 2231 960 2263 ut
973 2217 1019 2262 in
1035 2216 1125 2263 aliis
1137 2216 1261 2263 libris
1279 2233 1481 2265 vocatur,
1499 2217 1635 2262 Aeta-

36 2284 316 2336 ‘eianus,vixit
334 2298 538 2345 tempore
551 2285 700 2330 Taciti
712 2283 994 2348 imperatoris
1014 2317 1029 2338 ,
1051 2281 1279 2347 vitam'qw
1297 2280 1438 2346 ejusce
1453 2279 1635 2330 Caesaris

43 2347 138 2395 fuse
151 2349 346 2396 tradidit.
386 2347 552 2395 Flavius
567 2348 784 2412 Vopiscus
810 2351 855 2394 in
879 2345 1039 2394 Tacito
1056 2365 1066 2394 :
1101 2350 1229 2417 Qd
1238 2348 1349 2409 liquis
1363 2351 1494 2397 omnia
1508 2349 1554 2394 de
1569 2348 1637 2392 hoc

8 2447 12 2449 >
43 2417 124 2461 viro
135 2417 237 2475 cupit
239 2415 352 2474 scire,
366 2416 466 2476 legat
479 2418 701 2461 Suetonium
721 2414 994 2473 Optatianum
1011 2416 1078 2474 qui
1090 2419 1169 2468 ejus
1185 2417 1310 2461 vitam
1319 2414 1471 2475 affatim
1475 2412 1634 2475 scripsit.

107 2479 238 2526 Circa
250 2478 342 2525 haec
356 2494 561 2542 tempora
587 2480 719 2526 etiam
747 2480 832 2527 suit
872 2483 911 2525 G
927 2496 948 2525 E
969 2498 992 2526 1.
1010 2497 1035 2526 1.
1053 2496 1110 2525 111
1125 2497 1142 2526 s
1177 2482 1206 2525 F
1220 2497 1248 2526 u
1263 2497 1281 2526 s
1298 2497 1323 2526 c
1344 2496 1372 2526 u
1387 2497 1432 2527 s:
1467 2495 1518 2525 ex
1544 2493 1635 2540 quo

46 2541 100 2589 de
120 2545 302 2590 Tetrico
329 2545 504 2606 juniore
533 2545 743 2607 quiddam
777 2542 910 2590 refert
935 2544 1187 2593 Trebellius
1219 2544 1368 2592 Pollio
1391 2548 1438 2591 in
1467 2543 1640 2606 tyranni

46 2612 139 2669 ejus
155 2610 263 2656 vita·
301 2608 492 2656 Simlero
510 2610 556 2654 in
572 2608 846 2657 bibliotheca
863 2640 877 2659 ,
910 2616 956 2657 &
981 2610 1266 2674 Popeliniero
1280 2613 1326 2659 in
1343 2611 1537 2659 Historia
1555 2608 1642 2653 Hi-

45 2674 325 2725 storicorum,
345 2690 578 2739 perperam
589 2677 800 2740 Dagelius
815 2691 1110 2741 nuncupatur.
1522 2737 1564 2782 T

1568 2749 1645 2782 um
