2095 3065
436 96 531 158 768
837 97 1156 143 GERARDI
1212 98 1495 143 Ioannis
1534 78 1731 146 vossi
1909 150 1911 154 f

507 158 849 236 notenfisgesta
864 159 1112 228 Balduinz',
1128 164 1257 236 regis
1272 164 1714 236 Hierosoffmitani
1725 187 1744 219 .·
1774 185 2035 242 anonymus

508 236 673 289 vitam
688 236 957 312 ᾙενηοὴίι,
989 237 1194 311 episcopi
1212 234 1419 306 Salrzbzr
1426 238 1608 313 rgenfis.

447 362 611 471 POst
629 363 880 410 Henricum
901 381 971 415 τι,
987 365 1064 428 qui
1082 366 1308 411 Saxonicae
1326 364 1465 427 stirpis
1487 380 1593 417 erat,
1609 366 1847 428 imperium
1861 366 1944 416 fuit
1956 364 2066 434 pet-²

526 445 604 475 nes
621 432 866 476 Francones
882 432 935 477 ad
953 430 1187 476 Moenum:
1213 447 1302 493 qua
1321 446 1370 476 ex
1385 445 1520 493 gente
1541 432 1745 495 princeps
1766 434 1942 497 imperii
1957 437 2037 483 ha-

444 493 582 541 benas
595 495 764 557 'accepit
780 498 1019 542 Conradus
1044 511 1056 539 ι
1076 515 1089 541 ι
1110 526 1123 545 ,
1140 494 1363 558 Saliquus·
1408 497 1457 543 [d
1473 513 1592 543 anno
1608 499 1798 561 contigit
1818 504 2033 552 cmxxiv.

444 559 549 607 Post
564 576 667 606 eum
692 562 803 607 rexit
820 559 941 607 filius
957 564 1178 607 Henricus
1205 577 1249 607 11
1268 579 1279 605 ε
1305 576 1316 606 :
1346 576 1440 608 tum
1457 578 1597 626 nepos
1616 565 1838 610 Henricus
1857 567 2036 622 1v2hinc

444 641 673 690 pronepos
684 627 915 672 ..Henricus
931 644 980 673 v:
1016 628 1094 689 qui
1123 628 1303 690 regendi
1331 629 1599 691 vivendique
1627 626 1764 674 finem
1789 646 1908 676 anno
1931 632 2036 682 fecit

448 695 682 738 cloexxv.
725 691 963 738 Intervallo
990 693 1070 739 isto
1094 721 1109 742 ‚
1139 694 1267 755 quod
1289 704 1470 742 centurn
1499 698 1546 740 δε
1570 695 1698 740 unius
1721 711 1942 744 annorum
1957 702 2034 750 est,

444 756 579 803 multi
594 755 786 803 claruere
807 774 954 803 rerum
969 760 1183 821 gestarum
1197 760 1412 804 autitores.
1443 761 1580 806 Nunc
1592 775 1644 805 ex
1658 755 1724 805 his
1739 777 1816 806 eos
1832 778 2035 813 comme-

445 821 653 874 morabo,
668 822 721 867 de
737 819 895 885 quibus
913 823 1125 887 superiori
1137 822 1251 869 libro
1267 822 1378 868 nihil
1392 825 1557 871 dictum
1570 825 1630 871 est
1643 825 1791 872 nobis.

512 884 854 949 Antiquiffimus
871 905 1028 936 eorum
1044 890 1274 935 estincerti
1288 887 1360 935 ille
1377 891 1570 936 nominis
1586 888 1770 954 scriptor
1782 925 1797 944 ,
1821 897 1943 955 cujus
1955 893 2038 943 be-

445 950 611 999 neficio
625 966 733 998 nota
751 954 812 999 est
826 956 914 1000 vita
928 954 1169 1001 Burchardi
1184 986 1196 1004 ‚
1219 953 1573 1002 Wormatienfis
1596 955 1807 1020 episcopi.
1849 959 2043 1009 Abunde

448 1019 569 1064 enim
585 1016 781 1081 praefatio
797 1017 886 1077 ejus
904 1017 1099 1084 opusculi
1115 1018 1307 1067 declarat
1322 1049 1337 1069 ,
1367 1018 1520 1068 iisdem
1536 1022 1815 1085 temporibus
1830 1041 1932 1071 eum
1950 1055 1962 1075 2
1991 1045 2040 1075 ac

448 1082 769 1132 Burchardum‚
791 1083 954 1132 vixiffe.
997 1089 1061 1132 At
1075 1085 1350 1133 Burchardus
1365 1084 1438 1132 ille
1453 1088 1568 1133 inter
1596 1087 1804 1135 homines
1819 1089 1904 1136 effe
1919 1091 2044 1141 defiit
2064 1132 2068 1141 i

450 1165 572 1196 anno
598 1154 777 1197 claxxvi
799 1168 809 1197 ε
835 1166 941 1214 puta
968 1168 1086 1198 anno
1100 1169 1198 1199 xxvi
1215 1166 1252 1202 1,
1284 1167 1334 1197 ex
1348 1168 1440 1214 quo
1458 1152 1555 1215 post
1577 1152 1759 1199 fratrem
1771 1152 1893 1201 suum
1911 1161 2042 1203 Fran-

451 1230 615 1268 conem
634 1214 867 1262 honorem
896 1214 1190 1282 episcopalem
1212 1218 1272 1264 est
1299 1217 1504 1280 adeptus·
1568 1221 1772 1266 Annusis
1788 1224 1939 1269 tertius
1953 1239 2043 1272 erat

451 1280 654 1326 Conradi
677 1298 689 1324 1
710 1296 728 1324 1
746 1283 1052 1346 imperatoris:
1079 1285 1224 1336 unde,
1246 1282 1336 1328 hoc
1361 1299 1508 1329 rerum
1522 1286 1725 1346 potiente
1743 1315 1757 1334 2
1774 1287 1907 1333 vitam
1923 1283 2043 1336 illam

450 1344 590 1392 literis
607 1344 691 1393 effe
705 1349 907 1394 traditam
925 1346 1227 1413 consequitur.
1271 1350 1556 1394 Praemittitur
1581 1349 1757 1397 libellus
1780 1352 1856 1398 iste
1884 1354 2042 1417 Colle-

452 1412 594 1458 ‹Stioni
609 1412 892 1459 decretorum
908 1413 1161 1467 Burchardi,
1177 1432 1270 1461 non
1291 1414 1472 1477 quidem
1490 1415 1535 1460 in
1550 1416 1749 1463 editione
1765 1417 1949 1466 parisina
1968 1438 2044 1468 an-

451 1479 499 1522 ni
524 1480 692 1524 clam:
710 1476 781 1524 sed
798 1479 1080 1532 Coloniensi,
1098 1497 1194 1543 quae
1211 1481 1430 1527 decennio
1445 1479 1541 1543 post
1557 1480 1703 1528 lucem
1719 1483 1844 1529 vidit.

520 1544 670 1589 AEtate
695 1546 880 1591 Henrici
911 1560 928 1589 1
940 1564 953 1591 1
970 1559 988 1589 1
1018 1550 1131 1609 Imp.
1161 1545 1342 1595 vivebat
1358 1545 1435 1591 ilie
1452 1575 1464 1593 ‚
1494 1548 1572 1609 qui
1600 1548 1784 1610 posteris
1814 1546 2044 1600 transinifit

246 1655 250 1656 γ
451 1606 721 1655 Chronicon
745 1612 790 1656 S.
815 1612 1003 1675 Benigni
1024 1610 1334 1658 Divionensis:
1358 1627 1407 1658 ex
1433 1616 1556 1671 cujus
1583 1615 1684 1658 cod.
1703 1617 1825 1660 MSo
1841 1616 2043 1677 quaedam

247 1717 270 1742 a
293 1705 324 1739 C
329 1699 373 1738 ol..
450 1674 505 1719 de
519 1672 841 1722 reformatione
856 1682 948 1740 ejus
962 1678 1212 1724 monasterii
1226 1694 1305 1741 per
1321 1680 1367 1724 S.
1389 1676 1611 1737 Majolum
1626 1707 1639 1726 ‚
1669 1677 1811 1726 adfert
1834 1695 1860 1725 a
1881 1679 2044 1727 Marti·

252 1763 340 1806 298·
448 1756 531 1784 nus
559 1738 750 1795 Marrier
776 1744 824 1788 in
848 1741 1064 1789 biblioth.
1102 1741 1311 1791 Cluniae.
1377 1745 1522 1791 Etiam
1539 1744 1852 1808 quaedaminde
1868 1747 2046 1793 innotis

248 1812 273 1850 b
288 1809 429 1849 Colm.
452 1806 625 1869 promit
641 1807 840 1854 Andreas
857 1811 1170 1871 Qercetanus
1188 1811 1222 1855 b.

251 1878 322 1914 1²3·
520 1868 772 1932 Imperante
801 1876 993 1924 eodem,
1023 1889 1196 1922 aetatem
1224 1872 1381 1938 agebat
1407 1873 1504 1926 ille,
1521 1874 1599 1937 qui
1613 1875 1748 1921 vitam
1760 1874 1981 1940 descripfit
1995 1877 2040 1924 S.
2090 1896 2095 1910 2

458 1936 700 1991 Guntheri,
713 1936 937 2002 Turingii‚
956 1939 1173 2004 Stephani
1187 1936 1392 2004 Ungariae
1407 1938 1517 2003 regis
1529 1943 1723 2004 cognati,-
1740 1941 1949 1988 monachi
1965 1941 2045 1988 Ai-

456 1997 664 2050 tabensis,
683 2019 732 2049 ac
746 2005 897 2077 postea
911 2008 1105 2054 eremitae
1120 2008 1167 2052 in
1182 2004 1283 2052 filva
1295 2005 1537 2052 Bohemica
1551 2008 1597 2052 in
1614 2006 1859 2054 Richnach:
1877 2007 1951 2054 ubi
1969 2024 2044 2055 ex-

459 2068 566 2113 ad'tis
580 2082 718 2114 xxxvii
738 2071 863 2116 annis
878 2069 1072 2119 decessit,
1092 2070 1302 2136 praesente
1319 2071 1534 2118 Brecissao
1550 2073 1660 2118 duce
1678 2071 1892 2126 Poloniae,
1911 2069 2045 2138 quem

462 2130 487 2176 ὲ
509 2128 627 2178 sacro
643 2131 772 2182 fonte
800 2133 1058 2199 susceperat.
1117 2139 1260 2201 Qod
1284 2138 1339 2183 de
1354 2152 1477 2183 aetate
1491 2134 1712 2201 scriptoris
1727 2139 1818 2185 dixi
1836 2169 1847 2188 ‚
1867 2139 2045 2203 planum

461 2192 513 2241 fit
526 2212 577 2242 ex
592 2200 794 2262 eosqubd
808 2199 1031 2249 fiamiliaris
1043 2202 1128 2249 fuit
1141 2201 1395 2258 Gunther03
1413 2217 1461 2248 ut
1474 2201 1781 2266 cognoscimus
1793 2221 1848 2251 ex
1860 2206 2049 2252 istisver-

464 2260 554 2317 bis:
575 2266 692 2319 Quod
704 2281 770 2310 nos
783 2269 938 2325 quidem
954 2297 966 2316 ³
981 2271 1049 2328 qui
1062 2284 1148 2314 eum
1152 2267 1388 2330 familiaritis
1401 2272 1637 2330 cognovimus
1650 2301 1661 2319 ‚
1668 2270 1892 2330 frequenter
1901 2272 2050 2317 audivi·
2076 2288 2079 2290 ·

463 2341 566 2378 mm«
592 2332 734 2392 Atqui
758 2333 805 2376 in
831 2333 994 2379 eodem
1009 2332 1336 2397 legiturh'bello
1360 2352 1370 2380 t
1410 2334 1518 2380 Obiit
1533 2335 1879 2396 Chrissh'famulus,
1895 2338 2052 2382 eremita

391 2403 401 2415 R
462 2394 701 2448 Guntherus,
721 2412 825 2442 anno
839 2400 1111 2445 incarnationis
1122 2402 1282 2452 Domini
1301 2400 1490 2447 conrv·
1548 2448 1550 2451 ,
1957 2460 1960 2461 ⁷

531 2459 578 2505 Ο
593 2476 623 2503 D
642 2476 691 2512 02
717 2464 745 2506 F
758 2478 786 2507 o
809 2478 827 2507 s
843 2480 861 2511 s
878 2480 908 2508 A
925 2481 986 2513 TE
1001 2482 1030 2511 N
1047 2481 1067 2511 s
1092 2467 1145 2512 ιε’
1162 2463 1424 2517 monachus,
1441 2463 1596 2511 claruit
1613 2467 1764 2527 primis
1779 2463 2054 2531 temporibus

460 2525 648 2571 Henrici
667 2542 680 2569 1
691 2541 746 2573 v:
769 2529 980 2575 nimirum
995 2548 1114 2577 anno
1129 2531 1277 2577 chrm
1295 2546 1313 2575 1
1329 2545 1346 2574 1
1365 2563 1378 2583 ‚
1393 2549 1442 2578 ac
1453 2531 1586 2577 vitam
1600 2529 1780 2595 signavit
1794 2531 2050 2591 Burchardi»

459 2588 659 2637 Comitis
674 2589 802 2637 Paris.
821 2593 1030 2642 Corboili
1044 2629 1056 2646 ‚
1076 2601 1123 2642 δε
1141 2594 1350 2642 Milidun.
1363 2599 1424 2644 Ex
1439 2596 1529 2642 hoc
1541 2593 1751 2661 scriptore
1770 2596 1991 2644 historiam
2003 2596 2054 2653 de

463 2651 791 2704 reformatione
806 2659 1004 2708 coenobii
1023 2664 1050 2710 S
1061 2696 1071 2711 .
1083 2660 1233 2711 Mauri
1250 2659 1503 2710 Foflatenfis
1514 2660 1661 2726 per'S.
1682 2662 1902 2724 Majolum
1916 2696 1930 2717 ,
1945 2660 2058 2709 Clu·

615 2738 617 2742 ·
1892 2741 2068 2774 macen·
