2095 3065
411 110 483 143 »Β
529 98 1226 147 HrsToR.LA·rtN.L11³.
1267 102 1303 147 Υ.
1623 103 1679 164 89

72 169 120 215 in
144 160 410 214 Chronicis.
452 165 710 210 Etiamnum
736 161 988 211 adolescens
1016 165 1287 214 Triumviris
1314 167 1545 216 formidini
1579 170 1678 217 fuit:

70 249 120 281 ut
140 231 322 280 testatur
351 228 581 292 Appianus
606 228 687 275 lib.
711 245 769 276 iv
804 229 859 275 de
890 229 1008 277 bello
1038 230 1180 278 civili.
1227 235 1676 282 Adi&l>11-1mrchmn

73 301 121 346 in
136 300 225 346 vita
236 296 360 342 Bruti
373 293 448 340 sub
463 293 616 347 finem,
631 300 675 342 &
693 293 919 358 Vellejum
937 294 1015 342 lib.
1030 315 1045 342 1
1065 313 1078 340 ι
1102 314 1113 349 3
1131 298 1210 345 ubi
1227 303 1453 363 egregium
1468 304 1559 361 ejus
1582 302 1680 349 eio-

75 365 197 429 gium
210 363 343 411 addit.
388 361 477 407 Sed
494 391 505 410 ‚
534 359 666 408 rebus
679 359 938 424 compofitis
953 395 967 417 ‚
981 365 1114 411 etiam
1129 363 1406 412 consulatum
1425 365 1502 414 sub
1518 372 1675 431 Augu-

76 431 142 477 sto
159 429 218 476 est
234 428 433 490 adeptus.
467 427 639 473 Primus
654 442 839 491 quoque
866 427 1003 477 Urbis
1018 429 1250 493 praefeetus
1277 430 1363 477 fuit
1386 450 1395 477 z
1431 430 1501 479 sed
1531 436 1678 498 paucis

77 494 233 542 diebus
253 494 513 556 dignitatem
541 508 639 539 eam
654 496 855 540 exercuit
881 523 896 542 ³
930 499 976 542 ὃς
995 497 1210 556 ejuravit,
1239 495 1328 546 {ive
1354 498 1473 560 quasi
1506 499 1677 546 nescius

79 560 340 611 exercendi,
357 573 406 603 ut
419 559 598 605 Tacitus
614 559 673 605 ait
695 576 709 604 .·
750 558 841 607 five
856 560 960 623 quia
974 563 1236 625 potestatem
1263 579 1359 610 eam
1386 565 1542 627 parum
1571 567 1679 612 civi-

76 625 165 673 lem
182 637 378 689 putaret:
395 639 451 670 ut
475 624 535 670 est
558 624 674 686 apud
700 625 1028 687 Hieronymum
1050 629 1097 674 in
1133 627 1369 675 Chronico
1403 628 1670 677 Eusebiano.

16 725 20 728 -
81 693 327 754 Propterea
351 691 494 736 Dioni
522 693 742 737 Maecenas
765 694 935 755 primus
946 691 1068 739 fuiffe
1083 693 1222 743 Urbis
1241 694 1472 758 praeFee'cus
1490 698 1670 743 dicitur.

78 757 229 805 Exstat
245 755 297 801 ad
313 771 414 801 eum
433 754 602 801 Tibulli
618 758 919 820 panegyricus.
958 754 1131 822 Scripsit
1147 761 1201 806 de
1214 759 1339 807 litera
1356 764 1525 808 S.1tem
1540 764 1677 809 Ama-

81 824 213 870 toria,
233 820 338 867 teste
356 820 498 867 Plinio
515 819 621 867 lib.v
636 823 762 885 epist·
810 822 976 870 Adhaec
997 823 1138 871 libros
1153 826 1206 872 de
1222 825 1434 890 auspiciis,
1452 829 1674 891 exquibus

86 887 253 935 Gellius
271 883 467 950 pluscula
489 885 629 933 adfert
658 887 737 934 lib.
752 904 807 934 xr
827 906 841 934 1
860 907 872 934 1
899 907 997 954 cap.
1015 907 1124 939 inv.
1173 896 1327 955 Atque
1349 894 1468 941 idern
1490 909 1603 957 opus
1621 892 1672 939 fi-

83 953 204 1017 guar,
220 967 410 1014 utputo,
428 951 683 1000 Macrobius
699 953 778 1000 lib.
794 970 808 999 1
839 958 988 1002 Satur.
1006 974 1122 1022 capa
1136 975 1176 1010 x,
1209 958 1284 1003 ubi
1299 956 1356 1004 fic
1371 958 1515 1006 scribit
1533 968 1675 1006 :Mar·
1727 1016 1735 1020 X

83 1035 144 1067 cus
172 1021 289 1064 etiam
311 1018 494 1076 Meffitlla
518 1028 595 1064 Cn.
626 1022 795 1067 Domitii
821 1024 861 1067 in
887 1022 1081 1082 confidam
1104 1026 1242 1086 collega
1266 1057 1279 1076 ,
1311 1023 1450 1088 idemq}
1465 1039 1535 1086 per
1555 1042 1674 1072 annos

85 1085 368 1146 quinquaginta
382 1084 431 1133 ό*
443 1086 611 1145 quinque
622 1101 760 1148 augur,
779 1090 824 1133 de
837 1097 931 1133 Iano
945 1090 1002 1134 ita
1021 1091 1176 1150 inquit:
1218 1091 1590 1158 chnllafingit‚
1607 1107 1676 1137 ea-

85 1147 210 1213 demq}
221 1151 330 1211 regit,
343 1164 447 1208 aqua
462 1162 641 1209 terraque
656 1155 735 1199 vim
750 1170 795 1199 ac
807 1166 991 1200 naturam
996 1171 1159 1217 gravem
1181 1169 1301 1216 atque
1311 1169 1474 1215 pronam
1493 1186 1504 1204 ‚
1536 1161 1575 1202 in
1587 1170 1677 1216 pro-

78 1215 251 1276 fundum
272 1215 527 1268 dilabentem,
556 1218 649 1276 ignis
672 1230 791 1279 atque
813 1221 947 1264 anima
957 1222 1079 1268 levem
1093 1251 1109 1269 ,
1140 1222 1367 1283 immenfitm
1389 1224 1427 1266 in
1433 1222 1599 1282 sublime
1601 1222 1676 1283 fti-

81 1283 252 1342 gientem
266 1311 277 1329 ‚
304 1282 496 1339 copulavit
509 1282 741 1330 circumdato
755 1287 864 1331 coelo:
898 1300 976 1345 qua
990 1291 1044 1332 vos
1055 1290 1133 1332 coeli
1147 1289 1324 1332 nzaxima
1345 1288 1437 1332 duas
1453 1293 1505 1335 vis
1520 1289 1679 1348 dispares

85 1348 294 1407 colligavit·
339 1346 549 1392 Praeterea
560 1347 651 1406 jam
666 1346 794 1396 senex
808 1351 862 1396 de
878 1352 1094 1398 Romanis
1118 1351 1294 1399 familiis
1317 1350 1481 1398 librum
1496 1350 1678 1416 scripsit.

89 1413 242 1474 Atque
255 1410 385 1471 hujus
401 1409 544 1458 caussa
557 1411 831 1475 potiffimum
856 1414 1063 1463 hocloco
1085 1416 1173 1477 ejus
1190 1420 1494 1464 meminimus.
1547 1422 1612 1465 Eo
1632 1435 1681 1466 ex

89 1491 228 1540 opere
245 1478 409 1522 Plinius
426 1475 577 1522 locum
593 1482 760 1542 promit
775 1479 854 1527 lib.
876 1499 986 1528 xxxi
1001 1500 1025 1529 v
1051 1500 1202 1547 cap.x1
1222 1502 1235 1529 1
1258 1501 1295 1533 1,
1314 1482 1564 1533 &lib.xxxv
1581 1502 1678 1547 cap.

94 1541 173 1588 11?
196 1542 264 1588 Ac
289 1539 465 1588 fortasse
487 1543 591 1589 inde
609 1545 739 1595 etiam
764 1543 876 1595 suut.
903 1564 999 1610 quae
1015 1549 1135 1594 idem
1162 1548 1555 1596 adfertlib.xxxi11
1581 1567 1678 1614 rap·

97 1619 116 1650 1
132 1621 205 1653 11·
250 1609 306 1652 Et
332 1607 575 1670 imprimis,
602 1625 699 1672 quae
720 1608 962 1659 Suetonius
992 1611 1127 1659 reFert
1149 1616 1202 1660 inv
1218 1615 1418 1678 Augusto
1434 1631 1683 1679 cap.LXXIv:

90 1672 262 1717 Valerius
276 1673 461 1731 Messalla
475 1674 598 1718 tradit
612 1707 626 1729 ,
653 1678 843 1722 neminem
857 1693 1030 1739 unquam
1058 1680 1321 1726 libertinorum
1345 1682 1562 1726 adhibitum
1578 1683 1627 1726 ab
1644 1699 1686 1728 eo

91 1753 207 1789 coenae,
223 1749 372 1797 excepto
383 1739 594 1796 Mena3sed
602 1739 747 1799 adserto
760 1744 800 1786 in
815 1744 1093 1804 ingenuitatem
1112 1748 1193 1804 pos‘l
1202 1748 1397 1805 proditam
1413 1755 1522 1792 Sext.
1554 1747 1679 1793 Pom-

82 1806 161 1863 peji
177 1802 335 1859 claffem.
365 1803 510 1849 Exstat
524 1801 754 1868 hodieque
768 1804 846 1853 sub
863 1807 1068 1855 Meffallae
1085 1813 1271 1857 nomine
1284 1813 1337 1858 de
1350 1815 1564 1876 progenie
1584 1813 1678 1859 Au.-

87 1867 199 1931 gusti
225 1865 401 1914 Caesaris
427 1867 630 1920 libellus,
657 1888 791 1934 quem
821 1878 989 1937 primus
1013 1877 1057 1920 in
1080 1874 1226 1922 lucem
1250 1882 1464 1940 protraxit
1495 1877 1680 1926 iacobus

90 1934 307 1981 Bedrotus
320 1933 606 1981 Pludentinus
631 1953 641 1982 :
684 1952 732 1984 ut
758 1939 927 1985 constat
949 1956 1007 1986 ex
1041 1941 1239 1988 editione
1277 1942 1550 2006 Moguntina
1573 1948 1678 1992 anni

91 2002 173 2045 clo
193 2002 243 2043 10
259 2015 325 2046 Χῖ..
368 2001 522 2047 MStus
537 2001 646 2048 vero
665 2018 763 2048 cum
782 2003 887 2049 alibi
901 2005 1056 2058 exstat,
1074 2021 1168 2053 tum
1184 2010 1411 2054 Oxoniiin
1433 2009 1683 2057 Bibliothe-

87 2080 133 2110 ca
146 2062 342 2128 Collegii
353 2065 687 2114 Lineolnienfis.
724 2071 812 2116 Sed
829 2070 892 2124 est
905 2072 940 2118 is
955 2070 1140 2134 scriptor
1153 2072 1280 2137 plane
1295 2072 1573 2137 suppofitius.
1584 2078 1678 2124 Ve-

87 2127 342 2192 riffime'que
370 2131 393 2176 a
410 2131 592 2178 Barthio
607 2134 832 2196 proditum
861 2135 1039 2184 Advers·
1060 2136 1137 2183 lib.
1159 2156 1183 2183 x
1198 2159 1206 2181 a
1221 2156 1242 2182 x
1260 2157 1360 2202 cap.
1376 2158 1398 2185 x
1411 2156 1459 2187 tv
1476 2139 1559 2189 effe
1577 2159 1676 2188 me·

89 2196 150 2241 dii
171 2197 248 2241 aevi
268 2195 444 2242 foetum.
490 2197 630 2243 Nullo
655 2215 804 2246 autem
829 2219 965 2262 opere
991 2217 1164 2249 tantum
1189 2204 1324 2252 laudis
1346 2209 1563 2270 genuinus
1580 2226 1676 2255 me-

91 2262 177 2308 tuit
190 2259 397 2310 Messalla,
416 2262 547 2325 quam
568 2265 860 2321 orationibus,
880 2272 925 2314 δε
939 2267 1335 2317 declamationibus
1351 2271 1446 2318 suis.
1489 2274 1671 2320 Praecla-

89 2324 134 2371 re
152 2328 205 2373 de
219 2342 273 2372 eo
288 2329 356 2373 M.
378 2329 540 2387 Seneca
556 2325 870 2379 Controversia
883 2350 906 2378 x
923 2351 929 2377 ι
950 2350 968 2378 Ι
991 2351 1000 2380 :
1018 2337 1111 2380 Fuit
1122 2337 1292 2393 Messalla
1307 2342 1677 2402 exaliirffimiingenii

89 2394 129 2436 in
141 2392 494 2452 omneiestudiorum
501 2407 651 2454 partes,
678 2400 1146 2461 Latiniutiquesermonis
1170 2403 1477 2465 diligentiffimm.
1510 2409 1561 2451 Et
1586 2410 1677 2453 Lu«

92 2458 184 2504 cius
200 2460 364 2505 Seneca
379 2461 423 2504 in
436 2459 733 2510 sommum&
760 2463 1035 2523 distertiffimum
1062 2469 1188 2514 virum
1200 2468 1406 2533 appellat.
1454 2474 1554 2518 lino
1583 2474 1676 2518 Ta-

92 2523 216 2570 citus,
235 2521 317 2569 five
331 2523 456 2572 alius,
477 2525 522 2569 in
538 2525 715 2589 dialogo
741 2530 795 2574 de
814 2529 963 2577 cauffis
978 2548 1195 2596 corruptae
1211 2535 1478 2599 eloquentiae
1492 2571 1504 2590 ,
1530 2536 1677 2584 censet

93 2583 216 2632 fuiffe
243 2590 420 2634 Cicerone
446 2593 663 2643 mitiorem,
697 2594 985 2650 &clulcioreim
1013 2598 1062 2647 ὅθ’
1086 2606 1203 2661 magis
1224 2603 1263 2646 in
1287 2604 1672 2649 verbiselaboratum.

92 2650 423 2714 Qine'tilianus
438 2671 620 2720 quoque
642 2657 726 2716 lib.⁴
739 2676 761 2704 x
775 2676 867 2725 cap.
891 2677 929 2710 1:
967 2664 1155 2722 Messalla,
1170 2668 1330 2731 inquit,
1347 2672 1504 2720 nitidas,
1521 2669 1681 2782 &begn-

984 2734 1036 2778 M
1581 2738 1591 2781 i
1621 2751 1677 2792 tos,
