2095 3065
444 116 1400 166 ntH1s10R.LA=.-1›N.L1n.1.
1679 125 1742 177 4&

135 189 254 242 bins,
272 177 522 233 Priscianus.
564 182 797 249 Facileque
812 186 866 231 iis·
882 181 1130 233 subscribo,
1146 186 1221 246 qui
1237 185 1354 249 apud
1375 180 1631 230 Arnobium
1649 184 1733 231 lib.
1752 201 1779 207 ’-

133 277 159 306 v
171 272 187 301 1
206 255 379 318 legunt,-
393 250 550 315 Qodst
560 253 722 311 planum
727 250 817 311 fieri
834 249 1052 310 testimoniis
1063 250 1257 311 postulatu
1269 254 1467 297 anetarum
1481 268 1496 308 ;7
1509 253 1751 298 Sam'm'onid·

132 321 395 374 cus‚Granius,
413 319 583 365 Valerius
603 318 767 370 Antias,
786 318 901 362 vobis,
921 317 971 366 ά·
983 317 1134 368 Fabius,
1151 316 1389 366 indicabunt,
1407 316 1511 378 cujus
1525 315 1735 379 ,Toe'usfue-

135 387 315 449 rufinus,
332 389 417 431 δεσ.
459 381 611 447 Vulgo
629 384 852 429 Valerianus
867 398 948 446 pro
966 384 1136 429 Valerius
1152 383 1292 427 Antias
1305 379 1478 444 legitur.

154 478 158 487 ι
203 450 343 497 Valde
354 464 503 496 autem
520 463 635 495 errat
652 446 954 511 Glandorpius
969 448 1016 492 in
1033 447 1326 494 Onomastico
1344 477 1357 495 >
1386 447 1488 493 cum
1506 449 1733 500 existimate,

137 517 392 566 historicum
419 514 537 560 hunc
563 512 684 560 bello
712 515 884 561 Punico
923 510 1118 560 secundo
1146 512 1347 559 militfiffe
1383 510 1462 559 sub
1491 517 1554 572 Q·
1582 513 1734 561 Fulvio

138 585 309 634 Flacco,
328 597 376 627 ac
393 580 688 626 'custodiendis
702 611 715 632 ,
746 575 1073 642 avehendisque
1090 580 1137 625 in
1152 578 1329 628 Urbem
1349 580 1655 626 Macedonum
1670 579 1740 626 les·

137 651 247 715 gatis
274 639 530 709 praefedkuin
562 644 697 692 fuiffe.
743 646 918 691 Tuetut
944 645 967 691 ὲ
987 643 1137 694 verbis
1150 646 1264 691 Livii
1287 643 1412 690 lib.xx
1428 660 1444 688 1
1462 657 1479 688 1
1495 661 1533 691 1:
1549 649 1626 708 qui
1645 645 1736 694 hoc

137 714 322 779 quidem
337 714 390 759 de
405 714 459 757 L.
470 710 651 758 Valerio
668 709 844 757 Antiate
858 709 1017 766 refert;
1038 707 1111 757 sed
1123 728 1226 758 eum
1238 743 1252 763 ,
1269 716 1391 772 cujus
1406 711 1498 756 istic
1514 712 1734 764 meminit,

138 781 363 827 historiam
377 774 578 841 sctipfiffe
591 794 684 824 non
699 777 804 823 dicit
821 794 831 822 :
848 791 892 823 at
910 775 1100 823 historiae
1114 775 1376 839 scriptorem
1392 775 1621 823 Valerium
1640 780 1739 822 An·-

139 849 293 893 tiatem
312 841 498 889 Sisennae
512 873 524 891 >
541 843 718 891 Rutilii,
736 847 782 888 ὃς
799 840 1222 906 Qadtigariifuiffe
1238 841 1452 905 aequalem
1466 875 1485 897 ‚-
1507 841 1618 889 clare
1632 842 1738 888 dicit

136 909 503 969 Vellejus.Unum
519 907 667 955 hocin
682 925 737 955 eo
749 907 961 971 scriptore
975 911 1303 973 notatur,quod
1317 910 1472 954 onmia
1487 910 1532 954 in
1546 911 1737 955 innuen-‘-

135 975 231 1024 'sum
247 993 386 1041 prope
404 989 573 1038 augeat:
590 976 712 1038 quod
729 976 924 1020 immane
946 975 993 1019 in
1007 973 1220 1021 historico
1235 975 1391 1020 vitium
1407 974 1483 1021 est.
1503 973 1618 1038 ltaip
1630 973 1741 1038 saepe

138 1042 242 1090 fidei
257 1045 445 1088 omnino
474 1040 534 1087 est
549 1039 840 1104 suspectiori&
860 1041 1007 1103 Qod
1019 1041 1171 1088 Livius
1185 1057 1316 1087 anon
1334 1037 1522 1087 obscure
1546 1042 1736 1093 indicat,

138 1109 347 1157 lib-xxxv
362 1123 400 1150 1.
446 1108 564 1152 Nam
588 1123 689 1153 cum
706 1107 1059 1170 magnitudinem
1074 1108 1273 1155 victoriae
1289 1106 1311 1152 ὲ
1330 1105 1617 1163 QMinucio
1633 1124 1741 1171 pro-

141 1172 320 1222 consule
336 1187 565 1236 teportatae
590 1173 644 1219 de
663 1171 902 1236 Liguribus
928 1171 1212 1219 memoraffet
1239 1189 1290 1219 ex
1317 1171 1499 1218 Valerio
1523 1173 1705 1220 Antiate
1727 1191 1739 1219 t

141 1239 287 1288 subdit
305 1242 357 1286 de
372 1239 580 1302 scriptore
597 1239 701 1284 isto:
748 1240 817 1285 Vbi
834 1240 873 1283 in
887 1253 1045 1284 numero
1050 1239 1226 1298 scriptori
1234 1252 1373 1298 parum
1375 1238 1472 1298 fidei
1474 1237 1532 1297 fit
1544 1270 1558 1291 ‚
1591 1241 1684 1299 quia
1700 1239 1742 1285 in

142 1325 182 1355 eo
197 1307 365 1370 augendo·
378 1321 452 1351 non
467 1308 562 1350 alim
578 1307 896 1365 intemperantior
910 1307 974 1351 essi:
991 1319 1175 1368 magnam
1190 1317 1324 1350 tamen
1339 1306 1537 1352 vicioriam
1541 1303 1656 1365 fuisse
1669 1317 1742 1366 ap-

136 1387 264 1435 paret,
285 1373 388 1433 quod
401 1371 450 1420 &³
464 1371 583 1433 castra
604 1383 715 1431 capta
722 1370 830 1431 sunt.¹
849 1374 934 1417 &o
1233 1371 1235 1373 ’

206 1436 395 1485 Sisennae
417 1435 550 1482 etiam
578 1435 755 1499 aequalis
773 1435 858 1483 fuit
897 1436 955 1481 C.
993 1438 1032 1482 L
1048 1451 1063 1484 1
1079 1455 1105 1484 c
1125 1455 1141 1484 1
1169 1454 1199 1485 N
1220 1451 1239 1481 1
1261 1454 1290 1485 u
1305 1456 1323 1485 s
1362 1440 1415 1485 M
1432 1453 1464 1486 A
1480 1455 1506 1486 c
1525 1453 1548 1483 E
1572 1455 1632 1494 R3
1662 1436 1690 1484 fi
1706 1438 1741 1484 is

138 1504 215 1557 est,
236 1505 313 1568 qui
328 1505 514 1567 quaestor
526 1517 619 1548 erat
633 1519 751 1548 anno
770 1507 978 1561 Iocum,
1005 1520 1141 1568 atque
1156 1504 1181 1551 ὲ
1206 1506 1436 1551 Cicerone
1458 1520 1647 1568 praetote
1665 1521 1738 1550 ac-

139 1568 305 1616 cusatus
322 1570 682 1632 repetundarum,
700 1573 744 1613 &
761 1569 1098 1615 damnationem
1115 1570 1599 1623 metuenswoluntatia
1611 1587 1739 1616 mor-

138 1650 182 1682 te
198 1635 353 1699 periit:
389 1649 438 1680 ut
451 1634 661 1680 testantur
677 1635 843 1680 Cicero
858 1632 937 1679 lib.
953 1645 970 1677 1
990 1636 1113 1698 epist·v
1134 1635 1187 1680 ad
1207 1639 1239 1679 A
1251 1650 1300 1681 tt.
1316 1635 1515 1683 Valerius
1530 1639 1646 1682 Max.
1662 1634 1739 1681 lib.

142 1718 158 1748 1
170 1718 193 1747 x
211 1697 364 1764 cap-n
378 1715 417 1752 1,
435 1703 480 1745 &
500 1698 759 1746 Plutarchus
774 1702 820 1744 in
835 1700 1076 1747 Cicerone.
1119 1700 1290 1747 Habuit
1303 1702 1337 1748 is
1355 1700 1495 1748 filium
1511 1701 1740 1748 Licinium

133 1770 335 1815 Macrum
351 1764 557 1813 Calvum,
576 1769 760 1827 po'e'tam
776 1764 996 1818 nobilem,
1011 1781 1145 1830 atque
1158 1800 1172 1819 ,
1191 1782 1241 1814 ut
1253 1766 1420 1814 ibidem
1433 1766 1632 1814 Valerius
1647 1784 1706 1813 vo
1719 1795 1738 1804 -

134 1848 217 1882 cat,
232 1830 403 1877 illustris
425 1831 592 1894 ingenii
606 1846 831 1878 oratorem
853 1864 867 1884 2
898 1833 978 1896 qui
992 1834 1068 1879 diu
1085 1849 1187 1879 cum
1211 1834 1436 1880 Cicerone
1452 1834 1657 1897 iniquum
1677 1834 1732 1880 de

134 1899 383 1963 principatu
404 1894 673 1959 eloquentiae
702 1913 929 1944 certamen
951 1896 1131 1945 habuit:
1153 1915 1203 1945 ut
1214 1902 1368 1945 auctor
1385 1899 1446 1945 est
1462 1899 1738 1963 Qinffllia·

135 1981 217 2010 nus
245 1963 313 2008 vel
334 1960 530 2025 quisquis
558 1960 744 2027 scriptor
764 1963 927 2027 dialogi
952 1965 1006 2011 de
1036 1963 1186 2012 caussis
1209 1981 1427 2029 corruptae
1443 1964 1733 2028 eloquentiae.

133 2031 216 2088 Sed
233 2026 264 2074 fi
279 2027 409 2090 hujus
429 2026 553 2074 Calvi
573 2046 727 2092 parens
743 2029 803 2077 est
820 2029 1054 2077 historicus
1067 2032 1144 2078 iste
1161 2049 1174 2085 ;
1202 2033 1366 2077 mirum
1382 2030 1607 2077 annalium
1635 2031 1731 2091 ejus

132 2093 484 2143 nonmeminisse
506 2097 784 2143 Ciceronem
807 2098 854 2141 in
869 2099 1032 2153 Brut03
1058 2114 1151 2160 quo
1178 2096 1283 2143 loco
1298 2096 1426 2143 illum
1449 2100 1569 2143 inter
1583 2111 1732 2159 patro-

135 2177 219 2207 nos
236 2163 423 2224 reponit.
468 2162 570 2208 Nec
594 2177 832 2224 propterea
859 2163 914 2209 de
929 2178 1055 2210 aetate
1083 2168 1174 2225 ejus
1188 2163 1499 2210 dubitandum.
1537 2164 1656 2208 Nam
1675 2162 1737 2208 est

135 2232 181 2274 ὃ(
194 2227 432 2273 Ciceronis'
455 2224 579 2273 locus
594 2261 608 2281 ‚
638 2229 682 2272 in
711 2229 859 2290 primo
875 2230 929 2275 de
946 2232 1085 2293 Legg.
1101 2228 1175 2274 ubi
1190 2227 1416 2275 Sisennam
1435 2230 1526 2289 ejus
1541 2230 1736 2274 amicum
1754 2274 1757 2276 .

133 2307 279 2342 vocat;
298 2290 327 2336 fi
343 2294 458 2338 resta
475 2292 534 2339 est
548 2295 803 2340 emendatio
818 2293 1054 2340 doctiffimi
1070 2293 1223 2341 Caroli
1242 2296 1432 2359 Sigonii.
1472 2293 1619 2357 Vulgo
1635 2295 1737 2358 qui-

134 2361 237 2407 dem
253 2357 308 2403 fic
330 2359 514 2421 legitur:
548 2368 653 2404 Nam
666 2361 761 2418 quid
772 2362 932 2406 Accium
947 2368 1153 2407 memorem
1164 2394 1176 2412 ‚
1194 2365 1296 2414 cujus
1308 2363 1517 2420 loquacitas
1528 2362 1643 2406 haber
1656 2362 1736 2405 ali-

133 2426 228 2486 quid
239 2424 479 2486 argutiarum
494 2441 502 2469 :
517 2440 584 2470 nec
594 2426 633 2469 id
645 2438 775 2471 tamen
792 2442 840 2470 ex
856 2427 921 2472 illa
933 2428 1083 2473 erudita
1099 2436 1316 2473 Graecorum
1328 2429 1432 2487 copia
1445 2460 1456 2477 ,
1466 2427 1537 2488 sed
1549 2441 1596 2471 ex
1607 2427 1731 2471 libra-

131 2493 229 2537 riolis
243 2493 407 2535 Latinis:
422 2492 706 2536 morationibus
716 2505 848 2537 autem
863 2495 1005 2538 multus
1020 2492 1071 2542 ὠ
1083 2495 1246 2553 ineptus,
1263 2494 1316 2538 ad
1316 2492 1515 2552 summam
1527 2492 1726 2552 impuden-

129 2558 241 2600 tiam.
260 2555 497 2602 Continuo
513 2552 670 2601 subdit:
685 2556 856 2616 Sisenna,
866 2560 942 2610 ejus
955 2560 1112 2610 amicus,
1130 2574 1258 2604 omnes
1273 2560 1399 2604 adhuc
1411 2559 1728 2617 nostrosfcripto-

128 2621 525 2681 resfacilbfiaperavit.
558 2623 627 2666 De
645 2623 787 2668 Accio
802 2638 952 2670 autem
966 2623 1060 2669 istic
1073 2620 1218 2671 sermo
1232 2620 1316 2671 effe
1333 2641 1428 2670 non
1447 2624 1592 2688 potest
1608 2640 1618 2667 :
1634 2636 1732 2666 tum

119 2688 224 2750 quia
240 2703 331 2733 non
347 2688 400 2733 de
415 2684 508 2735 aliis
523 2685 722 2751 loquitur
739 2689 903 2737 Cicero
919 2721 933 2741 ‚
966 2689 1103 2752 quam
1134 2693 1212 2755 qui
1238 2691 1445 2739 oratione
1466 2687 1607 2797 solutsffa
1630 2683 1734 2748 scri-

950 2755 980 2801 F
1021 2774 1039 2817 3
1545 2770 1572 2817 p
1595 2765 1740 2799 erunt:

1761 1030 1802 1064 Ρ.
1811 1039 1823 1064 1
1833 1042 1852 1074 7
1861 1040 1889 1066 x.
1909 1041 1943 1064 e-

1758 1081 1826 1119 dit.
1843 1081 1946 1134 Elzq.
