2095 3065
417 130 490 161 DE
531 116 798 162 HisToR.
838 115 1063 162 LAriu.
1105 119 1230 163 Lm.
1273 117 1314 162 1..
1648 120 1701 179 65

59 180 462 238 voblecstabunt‚ut
476 184 680 245 egregios
698 187 788 243 ejus
819 179 989 228 fructus
1018 191 1336 231 contemnam
1378 182 1526 249 Qod'
1552 183 1696 249 fiquid

77 256 125 300 in
143 246 418 298 nobiliffimo
432 245 642 312 scriptore
660 247 932 312 culpandum
949 249 1148 295 videatur
1165 280 1178 299 ‚
1200 248 1290 296 hoc
1305 267 1442 297 unum
1468 251 1577 299 illu-d
1593 252 1692 301 fue·-

77 321 162 371 rit,
181 317 307 381 quod
331 317 376 360 in
393 316 443 361 iis
464 331 586 377 ,quae
604 315 696 373 jure
709 317 887 378 optimo
903 330 1184 362 verterentur
1206 318 1388 368 civitio,
1435 320 1692 383 Harpocra-

76 401 171 434 tem
197 397 295 448 agat
313 416 324 436 ‚
358 380 426 429 vel
449 380 720 444 Sigalionem
739 383 1014 445 AEgyptium.
1051 387 1118 430 Ita
1139 384 1185 429 in
1204 385 1339 429 tertio
1366 386 1419 430 de
1433 383 1555 432 bello
1573 384 1691 432 civili

77 449 488 515 (quemadmodum
501 452 547 493 δε
560 449 674 511 apud
691 450 920 507 Hirtium)
936 445 1074 495 altum
1089 450 1144 496 de
1159 464 1215 497 eo
1230 447 1453 496 silentium
1470 451 1545 504 est,
1562 454 1691 516 quod

74 515 280 565 Caesarin
296 513 406 560 urbe
427 512 726 560 Alexandrina
743 512 942 561 adversus
962 518 1077 573 cives
1094 531 1320 580 pugnans,
1349 514 1451 563 urse
1471 533 1688 571 tueretur,

74 586 122 631 in
138 599 269 629 naves
292 579 455 640 jufl'erit
471 582 622 644 ignem
649 582 865 635 immitti,
892 586 979 645 qua
992 580 1174 628 flamma
1188 587 1233 629 &
1250 581 1416 629 navalia
1431 584 1682 634 combusta,

71 656 119 699 &
140 650 281 696 vicina
295 650 340 693 in
354 650 546 711 Serapeo
564 643 852 703 bibliotheca,
870 665 968 711 quae
985 648 1249 695 continebat
1263 648 1406 696 ferme
1429 647 1685 715 septingen-

62 713 451 765 ‘taavolumiuum
465 711 616 765 millia,
640 713 991 761 inaestimabilem
1008 713 1264 761 thesaurum
1283 745 1293 764 ‚
1324 715 1684 764 Ptolom-„torum
1702 732 1720 756 a
1741 717 1834 754 Gell-

70 780 231 846 vigiliis
248 797 325 845 per
339 781 558 826 ducentos
574 784 619 826 δε
633 779 819 844 amplius
832 797 971 829 annos
989 780 1244 828 collectum.
1289 785 1347 830 At
1363 797 1412 828 ut
1445 781 1566 829 fileat
1586 785 1685 830 Cae-
1702 772 1888 823 lib‘ffimp·

72 846 152 902 sar,
175 865 268 894 non
285 844 411 893 silent
428 845 700 896 Plutarchus,
721 848 827 898 Dio,
858 850 1131 897 Ammianus,
1149 846 1236 895 alii.
1276 849 1600 913 Qidquodin
1614 867 1685 898 rea·
1702 842 1757 877 ¹7*

73 914 158 964 bus
184 911 266 960 suis
292 929 385 959 non
403 909 498 958 satis
524 913 750 959 interdum
791 915 961 960 veritati
990 913 1149 962 litaret.
1185 913 1294 964 Sane
1309 914 1404 961 satis
1424 918 1608 966 constat,
1625 918 1684 963 L.

74 979 312 1030 Caecilium
341 976 581 1025 Metellum
619 976 807 1034 sanctius
839 983 1037 1027 aerarium
1067 1012 1078 1030 ‚
1122 980 1245 1041 cujus
1264 980 1406 1029 claves
1420 980 1689 1030 abstulerant

74 1044 277 1096 consules
291 1077 303 1095 ,
339 1042 440 1097 sella
465 1044 697 1090 tribunitia
725 1045 930 1109 opposita
946 1082 958 1101 ‚
978 1046 1221 1096 defendiss'e
1235 1046 1434 1096 adversus
1453 1048 1686 1097 Caesarem:

74 1114 196 1162 hunc
213 1127 364 1159 autem
380 1126 616 1173 tantopere
629 1115 958 1160 comminatum
977 1112 1101 1162 fuiffe
1120 1114 1311 1162 Metello
1323 1147 1338 1170 ‚
1351 1130 1399 1161 ut
1413 1116 1538 1166 Urbe
1555 1115 1688 1180 fuge-

75 1196 159 1229 ret:
173 1176 358 1245 postilla,
375 1174 564 1223 effractis
580 1175 754 1225 foribus
769 1213 781 1231 ,
809 1179 1025 1227 abstuliffe
1038 1179 1265 1228 thesauros
1280 1179 1421 1228 sacros
1446 1213 1456 1232 ‚
1484 1186 1562 1248 qui
1586 1185 1686 1246 post

72 1245 253 1298 Urbem
268 1246 291 1291 a
306 1242 442 1290 Gallis
459 1254 631 1306 captam
647 1245 738 1291 istic
758 1245 944 1310 depositi
960 1262 1109 1297 erant,
1140 1263 1274 1312 atque
1290 1249 1343 1294 ad
1359 1265 1555 1297 extrema
1570 1251 1686 1298 civi-

74 1317 177 1365 tatis
213 1309 405 1375 pericula
431 1306 774 1358 reservabantur.
823 1315 937 1361 Sane
955 1315 1009 1360 cle
1035 1313 1179 1361 clauso
1198 1313 1515 1380 perfractoque
1531 1317 1684 1363 aerario

72 1379 181 1430 clari
196 1378 324 1427 testes
336 1375 512 1424 Tullius
524 1379 576 1424 ad
590 1380 687 1424 Att.
701 1377 842 1426 lib.V1
860 1397 876 1425 1
897 1381 1018 1445 epist.
1032 1397 1084 1426 Χῖ
1101 1397 1138 1429 1,
1158 1385 1203 1427 δε
1217 1395 1286 1433 xv;
1323 1385 1529 1430 Lucanus
1541 1380 1679 1428 libm.

71 1448 224 1497 Florus
239 1444 317 1491 lib.
345 1459 394 1490 1v
410 1461 505 1507 cap.
522 1458 539 1486 1
555 1458 593 1489 1.
632 1447 665 1490 E
686 1449 848 1493 Grae'cis
870 1450 978 1495 Dio,
994 1445 1254 1494 Plutarchus
1269 1480 1281 1499 ‚
1316 1450 1563 1513 Appianus.
1617 1450 1682 1496 At

71 1511 161 1580 ipse
175 1513 221 1558 in
232 1511 569 1558 commentariis
600 1511 622 1555 b
642 1508 791 1558 scribit
805 1545 819 1566 ,
848 1512 1093 1560 Lentulum
1124 1513 1148 1560 a
1169 1516 1457 1578 Pompejanis
1482 1514 1678 1563 habuiffe
1696 1514 1717 1551 b
1733 1514 1855 1553 Liba.

71 1581 119 1627 in
137 1578 353 1624 mandato
369 1605 383 1624 ,
416 1590 465 1620 ut
480 1577 715 1636 pecuniam
739 1594 789 1624 ex
809 1580 962 1625 aerario
979 1595 1165 1625 omnem
1181 1581 1405 1643 Pompejo
1420 1584 1621 1629 mitteret
1633 1583 1678 1628 in
1694 1568 1737 1631 da
1769 1570 1854 1631 (⁷4³⁰

69 1643 177 1693 belli
201 1639 354 1702 usum:
383 1639 452 1687 sed
470 1640 574 1686 cum
592 1643 781 1691 nuncius
800 1674 810 1692 ,
832 1661 1103 1707 quamquam
1122 1662 1257 1692 vanus
1272 1646 1358 1697 ille.
1375 1648 1427 1693 ad
1441 1664 1565 1695 aures
1579 1664 1679 1711 per·
1697 1624 1821 1662 mvelt.

67 1707 253 1776 tigiffet,
282 1704 464 1754 Caesaris
492 1705 655 1753 milites
683 1709 773 1767 jam
791 1709 874 1757 effe
886 1711 933 1756 in
947 1711 1099 1765 Urbe,
1128 1710 1233 1775 fuga
1246 1709 1326 1758 fibi
1339 1712 1681 1777 quamprimum

48 1771 341 1826 ‘consuluiffa
359 1789 408 1819 ac
437 1789 525 1836 prae
542 1778 878 1822 metuaerarium
905 1774 1125 1839 reliquiffe
1150 1793 1371 1841 apertum.
1417 1781 1498 1825 Vir
1528 1782 1680 1827 erudi-

65 1860 137 1892 tus
149 1839 380 1904 Philippus
397 1837 631 1885 Rubenius
651 1840 910 1888 Ele-storum
928 1841 1006 1888 lib.
1020 1858 1037 1886 1
1064 1860 1102 1889 c.
1121 1859 1171 1889 xx
1183 1859 1257 1893 tv,
1278 1860 1461 1907 operam
1477 1844 1554 1896 fibi
1568 1848 1676 1893 dan-

66 1912 170 1958 dam
185 1908 370 1971 putavit‚
387 1922 445 1952 ne
461 1902 604 1951 Caesar
618 1922 721 1952 cum
737 1909 902 1956 caeteris
919 1906 1207 1973 scriptoribus
1236 1926 1473 1974 pugnaret.
1512 1915 1671 1977 Itaque

65 1975 146 2022 ubi
156 1971 289 2036 vulgo
305 1970 467 2035 legitur
479 1983 629 2032 aperto,
654 1970 816 2020 inserta
827 1978 1069 2038 negatione
1086 1975 1193 2038 legit
1206 1991 1282 2023 non
1297 1990 1445 2037 aperto.
1485 1979 1669 2042 Nempe

61 2041 185 2088 hunc
210 2041 256 2085 iu
283 2041 472 2085 modum
499 2052 511 2082 ε
549 2038 709 2104 ans
735 2040 844 2085 rebus
874 2044 1041 2104 Qomam
1058 2045 1265 2097 nuntiatis,
1280 2055 1413 2089 tantus
1427 2041 1578 2105 repente}
1590 2059 1669 2090 ter·-

63 2124 128 2156 νον
154 2104 296 2164 invasit
319 2138 332 2158 ,
384 2117 429 2150 ut
463 2101 549 2149 ciam
576 2106 769 2151 Lentulus
792 2107 922 2167 confitl
945 2109 999 2153 ad
1015 2108 1263 2169 aperiendum
1288 2112 1462 2155 aerarium
1492 2110 1666 2168 veniffitt,

65 2174 120 2221 ad
132 2173 335 2235 pecuniam
354 2169 535 2230 Pompejo
551 2187 599 2216 ex
622 2174 667 2213 S.
687 2181 737 2217 C·
759 2173 1053 2233 proferendam,
1063 2175 1239 2234 protinus
1251 2190 1325 2220 non
1340 2188 1470 2234 aperto
1476 2174 1670 2235 fitnffiore

63 2242 193 2286 aerario
215 2253 264 2282 ex
287 2238 381 2282 urbe
398 2235 632 2297 profugeret.
676 2238 764 2284 Sed
793 2238 1001 2301 profecto
1025 2237 1253 2303 sequentia
1269 2238 1495 2287 refellunt.
1544 2243 1667 2289 Nam

63 2307 171 2371 quia
196 2305 359 2349 mitum
389 2316 565 2365 poterat
591 2303 730 2350 videti
746 2333 761 2353 ‚
792 2304 920 2366 quod
936 2304 1211 2369 relinqueret
1233 2321 1435 2370 apertum
1461 2309 1665 2354 aerarium

61 2369 340 2438 profugiens,
353 2384 410 2414 eo
423 2364 660 2433 subjungit:
700 2371 816 2431 Caesar
826 2373 928 2416 enim
945 2373 1176 2420 adventare,
1187 2372 1446 2435 jamjamque
1455 2374 1574 2432 adeffi
1587 2373 1666 2435 ejus

63 2440 210 2500 equites
234 2434 338 2492 falso
361 2434 662 2481 nuntiabantur.
678 2439 732 2484 Et
758 2435 856 2483 sane
870 2435 951 2483 alia
965 2453 1151 2501 quoque
1168 2464 1181 2487 ‚
1201 2455 1298 2501 quae
1313 2454 1408 2484 non
1423 2439 1571 2486 minus
1588 2438 1669 2486 ab-

65 2503 355 2552 cantavero,
384 2501 600 2562 reperiet,
632 2504 829 2565 quicum
865 2501 1044 2550 Caesaris
1072 2506 1405 2552 commentariis
1422 2504 1668 2552 contulerit

60 2566 347 2617 Plutarchum
373 2569 421 2611 in
443 2569 663 2630 Pompej0
678 2601 691 2619 ,
725 2573 768 2615 δε
794 2567 963 2616 Caesare
980 2570 1116 2615 :item
1136 2569 1340 2617 Dionem
1356 2573 1664 2634 ‚Appianum‚

60 2636 301 2684 Zonaram,
322 2628 608 2695 caeterofque·
652 2635 707 2680 Et
721 2633 1018 2682 memorabile
1036 2637 1096 2682 est
1109 2666 1123 2685 ³
1141 2637 1272 2699 quod
1289 2634 1418 2699 super
1439 2636 1496 2686 eo
1513 2653 1668 2700 ›aequa-

50 2696 105 2765 {is
119 2697 316 2751 Caesaris,
336 2695 514 2748 Afinius
525 2697 687 2761 Pollio,
704 2698 884 2767 scripsit.
924 2702 977 2752 ld
993 2701 1124 2769 quale
1142 2701 1208 2758 fit,
1224 2701 1411 2752 docebit
1427 2700 1668 2813 Tranquil-

80 2803 91 2807 -
1612 2782 1659 2815 US
