2095 3065
417 124 491 156 οε
533 108 800 156 His-ron.
839 106 1327 155 LATIN·L113.I.
1629 108 1692 172 69

700 252 854 300 (ΖΔΕ,
894 251 1041 295 XIV.

88 366 333 427 Cornelii
355 369 428 420 N<
447 367 584 436 potis
605 379 722 418 zetas
740 407 752 429 ‚
777 365 953 439 putria
972 405 987 430 2
1008 367 1043 418 C
1043 362 1341 417 hronicorum
1359 379 1458 419 tres
1475 366 1589 420 libri
1596 379 1685 439 pro

158 442 345 515 triplici
380 453 616 512 tempore,
655 440 859 512 indeque
879 440 1116 513 cognosci,
1157 457 1242 491 cur
1257 439 1528 514 utfizbulofi
1541 441 1682 510 audif

155 530 279 574 rent.
323 513 493 568 Libros
524 512 625 585 ejus
657 514 714 567 de
732 516 850 566 virio
881 511 1142 584 illustribus
1165 516 1358 585 partim
1375 514 1430 566 de
1448 518 1681 569 excelleu-

155 593 283 646 tzbus
306 590 454 660 furffe
478 587 849 660 imperatoribus
888 622 902 655 3
932 589 1120 660 partim
1149 588 1206 641 de
1236 587 1548 660 scriptoribus
1580 594 1682 644 cla—

160 669 249 721 ris.
287 664 632 734 Izefelluntur,
661 664 748 735 qui
774 664 911 716 viteus
937 658 1193 730 illustrium
1223 663 1571 733 imperatorum
1586 668 1683 718 tri-

153 741 304 795 buunt
341 736 549 791 AEmilio
570 736 761 790 Probo.
807 738 975 790 Vitam
1007 738 1235 802 Catonis,
1270 757 1370 808 quie
1401 737 1579 807 exstat,
1603 742 1682 791 vi-

156 816 262 869 deri
287 812 584 886 particulam
631 812 787 883 operis
813 810 870 863 de
897 807 1161 881 illustribus
1182 810 1520 882 scriptoribus.
1601 815 1676 865 E-

148 889 334 964 jusdem
357 884 699 956 Exemplorum
718 883 847 938 libri.
902 888 1033 937 Item
1050 882 1268 957 epistolae.
1312 885 1552 941 Libellum
1572 888 1678 950 dg,

155 953 411 1032 illustribus
430 960 555 1012 viris
587 960 853 1030 Romanis,
870 960 1005 1028 falso
1019 957 1200 1025 tribui,
1239 961 1324 1032 ‘egel
1344 961 1570 1034 Nepoti,
1600 964 1684 1016 vel

153 1037 346 1102 Plinio,
386 1034 472 1088 vel
486 1033 717 1088 Suetonio
737 1077 751 1100 ‚
785 1035 870 1087 vel
895 1033 1101 1086 Tacito:
1144 1038 1170 1087 ὲ
1199 1037 1395 1106 Nepote
1420 1048 1586 1090 tamen
1613 1035 1676 1090 ab

161 1113 367 1166 Aurelio
388 1109 574 1162 sziore
587 1121 865 1181 excerptum
890 1107 1065 1161 videri.
1104 1109 1372 1162 Hermolai
1385 1109 1615 1177 Barbari,
1632 1118 1680 1165 &²

155 1184 275 1240 Iani
289 1181 553 1253 Parrha-fii}
567 1184 709 1256 super
722 1203 771 1236 eo
786 1202 914 1237 error
943 1203 959 1234 .·
1008 1182 1151 1236 Vivis
1166 1196 1331 1236 autem
1351 1185 1400 1235 in
1416 1182 1499 1237 hoc
1513 1227 1528 1250 ‚
1551 1185 1681 1257 quod

154 1263 397 1332 Nepotem
417 1257 472 1309 de
492 1258 696 1310 Latinir
712 1258 852 1331 egrſje
867 1254 1063 1309 ducibus
1082 1258 1295 1333 negdrit:
1315 1256 1518 1331 denique
1542 1262 1678 1311 Ma-

152 1336 235 1388 riae
254 1337 290 1387 C
288 1335 468 1385 atanaez‘
482 1332 532 1384 in
550 1333 645 1397 illo,
666 1332 796 1404 quod
814 1335 1077 1391 Dantem,
1103 1351 1239 1404 quem
1255 1330 1496 1400 habemus,
1520 1333 1676 1388 credi-

101 1470 104 1473 ,
149 1408 298 1470 derit,
313 1407 368 1459 de
387 1407 697 1475 Graecofhnte
710 1413 739 1457 ὰ
755 1408 951 1478 Nepote
965 1406 1052 1475 effe
1070 1406 1384 1475 translatum.

202 1545 327 1577 oRN
345 1543 369 1572 E
386 1544 442 1573 L1
459 1543 517 1572 us
553 1526 601 1571 N
618 1543 641 1571 E
662 1543 728 1572 Po
749 1543 792 1577 s,
828 1525 1186 1573 &anteCaesaris
1204 1526 1466 1575 dietaturam
1492 1564 1505 1584 ,
1548 1536 1593 1578 &
1610 1545 1666 1577 eo

81 1537 183 1642 C
207 1596 450 1648 diotatore,
482 1596 528 1638 &
550 1591 699 1654 postea
713 1592 832 1640 vixit.
872 1593 1177 1653 Hieronymus
1198 1592 1246 1637 in
1271 1592 1509 1643 Chronico
1533 1596 1664 1644 Euse-

75 1662 211 1709 biano
230 1657 498 1706 refertillum
523 1656 575 1701 ad
600 1674 763 1702 annum
790 1657 971 1721 Augusti
986 1668 1213 1720 quartum.
1256 1660 1355 1705 Nec
1374 1663 1579 1723 cuiquam
1598 1679 1669 1708 re-

74 1741 271 1792 pugnem
287 1757 301 1778 ,
329 1721 557 1786 colligenti
573 1723 693 1775 inde,
709 1737 803 1768 tum
820 1724 1002 1769 demum
1021 1722 1241 1787 divulgare
1254 1739 1304 1770 ea
1315 1725 1491 1788 coepiffe
1506 1744 1661 1790 opera,

76 1791 238 1855 quibus
260 1787 445 1835 maxime
465 1786 682 1833 inclaruit.
735 1789 841 1833 Padi
867 1803 959 1834 erat
982 1787 1132 1835 accola
1149 1822 1159 1841 ,
1182 1790 1287 1836 teste
1306 1790 1449 1838 Plinio
1473 1791 1551 1838 lib.
1579 1808 1658 1839 111

75 1871 260 1921 cap.xv1
279 1871 324 1902 11
348 1872 360 1902 ε
395 1853 514 1899 unde
539 1854 724 1901 Catullo
740 1855 1058 1918 epigrammate
1082 1855 1230 1918 primo
1268 1855 1402 1903 Italus
1421 1871 1432 1909 5
1460 1857 1666 1906 Ausonio

0 1935 11 1941 “
76 1934 254 1971 autem,
294 1921 401 1985 epist
423 1934 552 1972 xxw,
581 1918 731 1965 Gallus
757 1935 954 1967 vocatur.
993 1922 1176 1984 Nempe
1191 1923 1293 1984 quia
1313 1922 1435 1969 ltalia
1450 1925 1668 1989 Transpa-

77 1990 187 2034 dana
200 1989 417 2033 diceretur
440 1983 580 2032 Gallia
606 1988 795 2048 Togata.
828 1988 899 2032 De
918 1985 1027 2032 urbe
1054 1987 1192 2049 patria
1215 1989 1456 2052 quicquam
1474 1988 1514 2036 se
1532 1991 1669 2037 liabe-

74 2070 123 2100 re
149 2051 370 2117 comperti
395 2064 525 2113 negat
558 2049 669 2097 Elias
696 2051 886 2097 Vinetus
909 2053 954 2096 in
985 2049 1156 2097 Auson.
1193 2053 1406 2115 Idyl.vi1.
1449 2056 1510 2101 ‘At
1525 2061 1667 2103 Vero„

75 2115 257 2166 nensem
281 2115 431 2164 fuisse,
456 2118 502 2160 in
524 2117 717 2170 Leandri
741 2116 918 2163 Albetti
938 2116 1062 2179 Italia
1084 2115 1185 2180 lego
1207 2136 1216 2163 :
1256 2122 1321 2164 uti
1339 2120 1443 2165 &in
1462 2120 1668 2169 Cofino-

74 2182 256 2247 graphia
267 2183 443 2246 optimi,
460 2194 591 2243 atque
607 2179 851 2227 amicissimi
864 2183 1094 2245 quondam
1110 2184 1206 2233 viri,
1224 2184 1361 2230 Paulli
1377 2186 1579 2233 Merulae.
1623 2193 1668 2234 I-

76 2249 155 2294 mo
181 2261 240 2294 ex
264 2244 594 2294 Veronenfium
625 2247 953 2293 Historicotum
987 2244 1151 2309 syllabo
1168 2282 1181 2301 ,
1213 2254 1368 2312 (quem
1394 2250 1671 2299 doffiffimus

78 2310 455 2378 ampliffimus'que
485 2310 740 2358 Alexander
767 2312 964 2359 Becellus
978 2345 992 2366 ‚
1020 2314 1287 2366 Veronensis
1301 2315 1423 2363 urbis
1439 2318 1673 2365 Cancella-

74 2381 162 2426 rius
177 2410 192 2432 ,
219 2377 326 2424 fecit
340 2409 354 2430 ,
382 2394 431 2422 ac
459 2373 764 2423 illustriffimus
795 2380 968 2425 Comes
983 2412 995 2431 ‚
1022 2381 1272 2427 Fernandus
1286 2381 1530 2445 Nogarola‚
1546 2385 1609 2430 vir
1625 2401 1673 2432 ut

76 2459 238 2506 genere
257 2472 270 2491 ‚
290 2440 351 2489 ita
366 2441 591 2488 literarum
616 2442 757 2489 studio
775 2441 1085 2492 nobilissimus,
1105 2460 1205 2490 cum
1220 2450 1277 2492 V.
1301 2449 1389 2494 CL.
1426 2452 1671 2497 Laurentio

76 2509 304 2571 Pignotio‚
324 2521 458 2569 atque
479 2508 514 2553 is
530 2522 707 2553 mecum
725 2510 1094 2571 communicavit)
1124 2507 1356 2576 intelligo,
1383 2529 1535 2559 natum
1552 2513 1675 2561 fuiffe

74 2573 308 2634 Nepotem
323 2573 369 2617 in
384 2571 594 2617 Hostilia:
635 2573 712 2635 qui
741 2572 1073 2620 Veronenfium
1092 2577 1213 2623 vicus
1228 2579 1303 2632 est,
1319 2580 1495 2627 Tacito,
1515 2581 1676 2629 Plinio,

74 2635 341 2686 Caffiodoro
372 2671 385 2695 ,
432 2642 477 2684 &
511 2639 744 2686 Antonino
775 2639 823 2685 in
842 2641 1079 2688 Itinerario
1099 2658 1373 2692 memoratus
1395 2676 1408 2696 ‚
1450 2642 1682 2708 hodieque

890 2709 910 2751 I
955 2722 974 2766 3
1528 2711 1682 2756 Eccle-
