2095 3065
424 127 520 185 256
814 119 1137 164 GER'ARnt
1175 107 1692 157 IoANuisVossI

423 208 522 241 non
537 184 678 235 modi>
693 180 861 250 promit
875 182 943 230 his
959 181 1148 227 indicia,
1180 175 1251 225 sed
1266 174 1393 241 plane
1413 177 1704 239 repugnantia
1726 194 1736 223 z
1779 191 1826 223 ut
1843 175 1977 226 fidem
1991 180 2034 229 ei
2052 197 2056 199 ⁴

427 256 597 306 habere
612 269 706 299 non
723 248 951 315 poffimus,
967 245 1047 293 nisi
1063 241 1240 291 insimul
1260 243 1478 300 Romanis
1496 241 1710 289 omnibus
1726 244 2024 294 detrahamus.

430 323 550 370 Vide
575 321 629 366 de
660 318 749 365 hoc
780 314 973 380 pluicula
987 314 1103 377 apud
1122 310 1358 363 illustrem,
1379 305 1786 373 Dofflffimumque
1805 313 2030 359 Herman-

432 405 546 437 num
573 387 807 431 Comitem
829 383 1108 429 Nuenarium
1123 411 1135 430 ‚
1158 375 1459 423 diflertatione
1483 375 1537 420 de
1552 376 1725 438 origine
1741 409 1753 426 ,
1776 370 1823 422 δε
1839 376 2034 426 differta-

434 458 560 503 tione
589 449 832 515 priscorum
852 450 1119 494 Francorum
1139 462 1149 489 :
1181 444 1290 488 item
1309 442 1424 505 apud
1456 439 1734 487 Hadrianum
1758 442 1933 487 iunium
1949 447 2033 491 Ba-

437 522 569 571 taviae
591 515 674 563 suae
700 532 876 579 cap-ix.
941 512 1031 559 Cui
1058 505 1196 574 Janus
1224 511 1351 553 Duza
1378 503 1741 553 subscribitnotis
1767 509 1821 553 ad
1844 509 2032 571 elegiam

435 586 559 634 suam
576 581 824 630 Annalibus
841 580 1009 627 Batavis
1024 573 1260 640 praefixam.
1303 572 1495 636 Scaliger
1510 573 1643 619 etiam
1671 573 1726 619 de
1751 577 2035 624 emendatio-

431 669 490 700 ne
512 664 771 714 temporum
786 680 800 702 ,
823 646 902 692 lib.
921 661 964 691 vi
989 642 1223 705 imperitiae
1249 638 1381 686 seculi
1403 647 1606 703 pag.496
1625 637 1795 691 tribuit,
1809 642 1934 704 quod
1951 643 2035 694 im..

436 718 555 784 pune
587 720 628 763 ei
649 714 783 761 fuerit
811 710 1075 759 Marrucinis
1100 704 1283 752 illorum
1305 721 1564 769 temporum
1587 704 1793 767 probare.
1839 708 1938 752 Nec
1953 710 2034 754 mi·
2082 698 2084 700 ’

434 801 520 832 nus
543 783 686 843 rejicit
700 778 937 826 Cluverius
976 775 1188 836 Antiquae
1216 769 1469 819 Germaniae
1484 770 1562 816 lib.
1580 789 1593 816 ι
1609 784 1627 814 1
1642 785 1660 814 1
1688 778 1779 835 cap,
1795 790 1865 818 xx.
1908 774 2034 821 Idem

433 848 541 897 facit
563 847 719 894 lsacius
751 847 979 892 Fontanus
1009 841 1057 886 in
1082 838 1349 902 Originibus
1378 838 1590 884 Francicis
1615 869 1629 889 2
1670 842 1717 884 <Sc
1744 840 1864 886 notis
1884 839 1936 884 ad
1963 838 2034 887 sua
2058 844 2062 847 '

436 918 661 980 poemata.
695 911 788 959 Ubi
812 907 974 958 refellit
997 911 1217 953 Ioannem
1245 902 1462 952 Dilenum
1502 900 1864 950 Iurisconsultum
1887 907 2037 953 Lova-
2089 896 2092 899 ¹

432 978 662 1030 niensem,
691 984 738 1026 ὃς
759 974 974 1024 Iacobum
1013 973 1068 1019 cle
1082 969 1291 1019 Charton
1309 1001 1321 1021 ‚
1360 969 1477 1033 Regi
1500 967 1908 1017 Christianiffimoa
1936 973 2035 1019 Cu·
2070 970 2073 973 ’

431 1046 616 1094 biculis:
654 1044 818 1108 quibus
838 1036 1121 1088 Hunibaldus
1148 1036 1219 1083 ille
1246 1038 1293 1082 in
1309 1038 1456 1101 pretio
1472 1049 1581 1083 etat.
1638 1043 1788 1096 Qare
1812 1037 2038 1085 Hunibal„

433 1115 516 1162 dus
537 1129 593 1160 eo
608 1110 714 1158 loco
731 1109 961 1156 habendus
976 1139 988 1156 ,
1031 1120 1123 1168 quo
1139 1100 1323 1150 Berosus
1340 1104 1501 1151 Annii,
1538 1105 1585 1148 &
1608 1099 1758 1149 similis
1783 1100 1932 1150 farinae
1953 1121 2039 1152 nu-
2059 1117 2063 1126 ‘

435 1194 631 1246 gatores.
667 1178 789 1224 Inter
804 1190 978 1221 caeteras
999 1171 1089 1231 ejus
1104 1170 1290 1231 ineptias
1311 1170 1398 1220 est,
1433 1169 1558 1231 quod
1575 1168 1937 1215 Roterodamum
1951 1186 2038 1217 no-
2074 1192 2075 1195 =

439 1249 599 1295 vitium
627 1243 811 1290 Bataviae
826 1241 982 1288 nosttae
998 1236 1218 1301 oppidum
1235 1236 1293 1281 air
1314 1234 1549 1282 conditum
1565 1228 1649 1280 esse
1672 1235 1695 1280 a
1714 1230 1922 1282 Rothero
1944 1238 2038 1284 Re.

436 1327 493 1376 ge
512 1315 782 1359 Francorum
799 1339 815 1360 ,
851 1308 966 1354 circa
975 1317 1143 1353 annum
1159 1299 1328 1362 Christi
1346 1312 1540 1348 LXXXIX.
1580 1301 1679 1362 Qi
1695 1302 1791 1348 Rex
1805 1316 2038 1365 nunquam

435 1377 541 1424 fuir.

510 1440 671 1509 Justini
702 1456 919 1504 quoque,
960 1454 1011 1484 ac
1031 1431 1206 1482 Tiberii
1235 1432 1384 1480 Anicii
1406 1428 1686 1495 temporibus
1704 1461 1715 1481 ‚
1745 1432 1776 1477 is
1800 1428 1913 1487 fuit,
1957 1436 2036 1497 qui

435 1512 483 1559 S.
516 1506 746 1556 Domnoli
771 1541 785 1561 ‚
827 1499 1188 1552 Cenomanenfis
1213 1497 1407 1564 episcopi
1434 1530 1449 1552 ,
1481 1500 1650 1548 vitam,
1692 1495 1805 1559 Juffu
1833 1500 2038 1547 Haduini

434 1573 651 1642 praesulis,
668 1568 940 1635 conscripsit.
985 1568 1224 1631 Siquidem
1252 1563 1340 1624 ejus
1359 1565 1513 1611 auctor
1546 1559 1772 1626 opusculi,
1800 1565 1925 1625 quod
1948 1560 2038 1629 ipse

433 1659 531 1690 non
544 1637 728 1688 obscure
739 1640 923 1691 indicat,
943 1632 1168 1682 Domnoli
1181 1633 1349 1678 amicus
1365 1647 1416 1677 ac
1429 1628 1653 1675 familiaris
1669 1627 1773 1674 fuir·
1809 1628 2039 1680 Domnoli

432 1709 542 1757 verb
571 1721 748 1754 aetatem
771 1703 842 1753 vel
863 1703 968 1749 inde
995 1697 1306 1764 cognoscimus
1333 1730 1347 1750 ‚
1373 1695 1526 1760 quod,
1552 1708 1601 1741 ut
1617 1692 1787 1740 ibidem
1811 1693 1930 1759 legas
1946 1724 1957 1746 ,
1975 1700 2029 1743 Β.

437 1774 680 1826 Germani,
714 1767 958 1818 Parifienfis
971 1765 1196 1831 episcopi,
1237 1762 1435 1809 summus
1456 1760 1590 1807 fuerit
1605 1760 1790 1806 amicus.
1829 1764 1870 1807 Is
1882 1776 2035 1810 autem

434 1838 552 1888 obiit
573 1855 694 1885 anno
715 1841 932 1884 Iorxxix.
975 1833 1083 1880 Vita
1097 1830 1191 1877 haec':
1206 1826 1606 1889 Domnolilegitur
1632 1826 1752 1888 apud
1779 1827 1958 1875 Surium
1985 1830 2034 1880 in

433 1905 552 1953 Hist.
571 1905 717 1952 Sanet.
732 1906 928 1950 Tom.1x
942 1915 957 1944 1
977 1915 1018 1944 a.
1034 1899 1080 1944 d.
1099 1913 1176 1945 xvi
1207 1895 1337 1955 Maji.
1383 1894 1471 1941 Sed
1485 1894 1668 1938 Haraeus
1686 1892 1732 1937 in
1749 1892 1949 1955 epitome
1964 1893 2036 1945 su&

433 1987 534 2020 eam
548 1972 700 2034 rejecit
714 1970 768 2015 ad
792 1985 806 2014 1
829 1970 942 2014 Dec.

496 2035 761 2084 Eorundem
785 2037 1106 2098 imperatorum
1134 2042 1258 2075 aetare
1272 2023 1375 2073 vixit
1386 2021 1460 2070 ille
1473 2055 1487 2078 ,
1509 2024 1589 2088 qui
1616 2025 1760 2074 vitam
1782 2024 2036 2090 composuit

431 2101 610 2165 aequalis
635 2100 698 2147 sui
723 2103 776 2147 B.
807 2092 1092 2158 Austregifili‚
1109 2088 1729 2154 archiepiscopiBituricenfis.
1746 2091 1896 2139 Habes
1914 2093 2032 2156 apud

431 2168 611 2214 Surium
625 2169 680 2214 ad
693 2183 744 2212 xx
758 2165 886 2228 Maji.
929 2160 1077 2226 Qod
1090 2173 1240 2207 autem
1255 2157 1309 2204 de
1334 2169 1462 2202 aetate
1475 2155 1568 2214 ejus
1585 2154 1806 2221 scriptoris
1834 2158 1948 2206 dixi,
1984 2158 2032 2204 id

432 2231 701 2297 cognoscere
719 2233 778 2279 est
793 2231 945 2279 existis
962 2224 1136 2277 verbis:
1179 2223 1308 2270 Dixit
1327 2224 1444 2285 igitur
1459 2221 1804 2285 (Austregifilus)
1821 2225 1943 2269 amico
1957 2223 2030 2282 fiio

428 2301 670 2360 Marculph0‚
689 2299 730 2344 id
745 2302 920 2358 tempora
933 2293 1085 2342 Ιεὲῗονὶ,
1122 2307 1151 2340 Ν,
1172 2308 1201 2336 u
1214 2307 1241 2335 N
1265 2305 1287 2335 c
1313 2284 1400 2337 verb
1413 2285 1549 2332 abban·
1570 2288 1646 2350 ejus
1662 2287 1812 2347 bafilicae
1829 2317 1844 2337 ‚
1874 2290 1940 2334 ubi
1952 2304 2032 2336 cor..

426 2378 494 2429 pus
507 2367 584 2417 ejus
597 2365 802 2410 humatum
815 2366 884 2418 εἶτ’,
899 2366 985 2409 &c.
1023 2357 1168 2419 Atqui
1181 2354 1298 2403 obiit
1321 2351 1626 2415 Austregifilus
1642 2353 1755 2400 circa
1767 2368 1937 2400 ,annum
1954 2359 2033 2401 Io-

428 2446 569 2480 Lxxxi.
610 2430 727 2476 Vide
741 2444 839 2491 quae
857 2430 905 2475 in
930 2426 1131 2490 epitome
1149 2420 1400 2468 sancitorum
1418 2419 1598 2465 Haraeus
1612 2420 1842 2466 annotavit
1860 2420 1915 2465 ad
1930 2418 2034 2467 Sul-

431 2498 530 2563 pitii
549 2528 564 2547 ‚
592 2500 640 2544 &
664 2490 1071 2558 AustregifilivitaS.
1112 2486 1259 2552 Magis
1272 2485 1392 2533 enim
1409 2499 1459 2530 ea
1469 2484 1742 2547 probantur,
1775 2483 1911 2548 quam
1931 2501 2030 2550 quae

428 2562 646 2615 Baton-ius
665 2562 720 2612 de
733 2558 882 2610 obitus
898 2555 988 2623 ejus
1000 2570 1207 2620 tempore
1224 2550 1374 2601 retulit
1385 2550 1440 2598 ad
1455 2566 1624 2601 annum
1638 2550 1874 2601 Chr.10cx
1889 2565 1905 2596 1
1918 2581 1933 2596 .

1883 2682 2026 2733 (ΠΛΡ.
