2095 3065
70 130 74 135 -
396 111 468 144 οε
509 99 796 145 HisToR«
830 96 1066 144 LA-rrn
1106 92 1374 145 [ia-1112
1594 105 1682 158 743

51 163 147 211 <mis
164 171 291 227 'paret
302 181 357 212 ex
371 166 571 212 editione
590 179 759 229 nupera
775 167 898 224 juxta
930 166 1107 211 MSSos
1124 166 1257 211 codd
1290 165 1548 214 emendata,
1586 182 1684 228 quae

52 232 256 279 -Lutetiae
285 226 453 295 prodiit
478 233 595 295 apud
620 231 742 279 Rob.
773 230 1064 296 Stephanum.
1116 228 1314 278 Pluscula
1329 232 1529 295 Septimii
1547 230 1680 293 hujus

64 296 170 344 loco
208 296 391 346 illustrat
427 316 476 345 ac
518 302 727 347 emendat
765 297 970 345 Barthius
1010 296 1373 347 Adversariorum
1398 299 1480 346 lib.
1501 318 1554 348 ιν
1566 318 1580 346 ι
1598 319 1610 345 ι
1632 314 1674 344 1.

66 372 247 427 capon.

47 443 49 445 “
125 436 325 479 Incertus
342 430 525 496 scriptor
543 431 720 496 reliquit
735 435 985 481 Itinerarium
1016 430 1039 476 ἃ
1055 434 1262 495 Burdigala
1287 434 1521 494 Hierusalem
1538 434 1672 494 ufiluee

62 498 112 548 (ῥ’
125 499 173 544 ab
194 501 382 544 Heraclea
392 513 459 559 per
473 503 685 552 Aulonam,
701 500 751 549 ὠ
761 503 970 560 perurbem
988 502 1154 566 Romam
1169 501 1436 545 Mediolanum
1454 501 1584 561 iisque.
1611 501 1660 547 ld

51 567 232 629 ‘primus
247 568 292 610 in
309 564 582 611 membranis
595 569 774 628 reperit,
788 583 922 631 atque
937 567 1092 613 exinde
1109 567 1264 619 edidit,
1274 567 1425 612 Petrus
1444 569 1500 629 Py
1507 566 1668 613 thoeus:

50 634 140 707 'qai
158 628 391 707 suspicatur
408 632 490 678 elle
506 630 705 678 hominis
722 635 954 697 Aquitani,
976 650 1026 679 ac
1041 630 1222 696 slmplici
1238 631 1343 693 stylo
1357 585 1567 696 scriptyum
1585 631 1669 679 effe

63 701 250 744 aitcirca
278 715 483 760 tempora
513 698 798 745 Constantini
822 703 884 744 ivl.
900 700 1043 762 Qod
1057 700 1175 744 unde
1194 697 1433 774 conjecstet,
1455 716 1505 745 ex
1523 698 1678 761 praefa-

49 766 190 813 'tione
214 765 305 825 ejus
331 779 481 827 petere
510 763 678 810 licebit
733 763 1010 830 Opusculum
1037 764 1126 811 hoc
1154 766 1376 810 Antonini
1405 766 1675 812 itinerarioa

67 833 216 877 Surita
234 831 474 878 emendato
491 825 783 893 subjungitur.

133 900 185 942 AE
205 909 229 939 L
245 916 258 944 1
273 916 300 945 u
316 916 333 944 s
376 901 417 943 D
437 914 464 941 o
480 913 508 942 N
527 909 557 941 A
572 915 600 943 T
617 914 644 942 u
659 914 677 942 s
713 897 994 959 temporibus
1034 898 1291 944 Constantii
1318 899 1600 961 imperatoris
1626 899 1675 944 in

65 964 212 1028 pretio
241 980 358 1011 erat·
436 965 687 1026 Praeceptor
715 965 761 1008 in
800 961 1118 1011 Grammaticis
1147 963 1233 1011 fuit
1279 967 1326 1010 Β
1373 966 1674 1026 Hieronymi:

15 1068 21 1071 ,
63 1032 447 1092 quemadmodum
466 1026 635 1075 sanetus
649 1029 722 1075 hic
740 1032 804 1075 vir
821 1029 1075 1094 profitetur,
1085 1030 1196 1077 cum
1212 1029 1315 1076 alibi
1332 1061 1341 1078 ‚
1362 1046 1457 1076 tum
1471 1030 1544 1077 lib
1559 1049 1570 1074 ι
1591 1033 1671 1077 ad·

45 1093 208 1143 *versus
225 1095 470 1144 Rufinum:
502 1096 635 1151 Puto,
665 1095 768 1157 quod
779 1109 872 1156 puer
887 1100 1015 1172 legeris
1029 1098 1187 1158 Asperi
1177 1115 1216 1143 m
1237 1100 1453 1160 Virgilium,
1475 1098 1524 1147 όν
1542 1100 1670 1143 Sallu-

48 1165 178 1207 -flium
193 1165 507 1214 commentarios,
545 1161 706 1208 chatz'i·
732 1166 771 1208 in
801 1167 989 1208 orationes
1024 1166 1239 1216 Ciceronis,
1259 1165 1467 1209 Victorini·
1456 1180 1494 1208 tn
1509 1161 1675 1226 dialogos

52 1227 156 1292 qiu,
178 1232 252 1279 &
242 1247 281 1275 in
299 1231 468 1274 Terentii
485 1229 696 1283 comoedias,
707 1232 935 1290 praeceptoris
951 1246 1009 1275 m
997 1232 1201 1282 iDonati,
1219 1230 1317 1290 aeqtie'
1337 1233 1377 1276 in
1394 1230 1611 1292 Virgilium
1620 1230 1673 1279 &-

60 1298 258 1341 staliorum
248 1312 286 1340 m
303 1298 407 1340 alios.
449 1296 738 1341 Memoratnr
751 1309 901 1341 autem
919 1294 1006 1342 hoc
1025 1296 1158 1345 loco
1145 1314 1166 1341 a
1183 1295 1316 1343 nobis
1331 1329 1343 1347 ,
1373 1298 1519 1360 quial
1492 1293 1671 1359 signarit

59 1363 196 1409 vitam
212 1360 387 1425 Virgilii
418 1357 648 1407 Maronis:
674 1376 722 1407 ut
745 1362 928 1436 quidem
954 1364 1091 1428 vulgo
1118 1363 1382 1411 existimant.
1427 1364 1512 1408 Sed
1529 1359 1669 1408 erfiin

58 1442 110 1474 ea
123 1431 212 1474 vita
232 1428 368 1473 multa
383 1425 465 1473 sint
483 1425 633 1481 bona,
661 1432 706 1474 ὃς
723 1444 771 1474 ex
800 1429 993 1490 antiquis
1011 1430 1191 1477 hausta.
1230 1425 1413 1475 subinde
1427 1443 1577 1474 tamen
1590 1429 1670 1474 ad-

57 1490 103 1558 sp
108 1494 195 1541 ersa
207 1496 373 1543 videas,
381 1510 479 1557 quae
498 1459 678 1556 indigba
696 1491 777 1540 fint
796 1509 922 1539 tanto
941 1498 1267 1543 Grammatico.
1316 1499 1471 1569 Qare
1489 1491 1662 1545 censeo,

57 1512 318 1638 oppusculum
331 1559 441 1605 illud
455 1577 549 1606 non
563 1543 644 1606 else
664 1559 718 1605 ab
735 1561 855 1606 AElio
877 1560 1079 1618 Donato;
1101 1561 1172 1610 sed
1188 1561 1290 1611 alio,
1310 1562 1565 1614 minoris,ut
1580 1577 1667 1607 no-

55 1631 205 1681 minis,
223 1627 466 1688 itajudicii.
513 1630 567 1672 Et
584 1623 715 1672 sane
705 1643 751 1672 in
770 1628 970 1675 editione
990 1628 1240 1675 Fabriciana
1256 1642 1440 1676 vocatur
1455 1628 1550 1673 vita:
1569 1627 1663 1685 ejus

52 1697 209 1740 auotor
224 1694 434 1740 Tiberius
459 1691 676 1740 Claudius
695 1695 919 1740 Donatus.
964 1697 1174 1742 Diximus
1192 1709 1376 1758 quoque
1390 1693 1444 1739 de
1460 1690 1549 1738 hoc
1564 1694 1663 1756 opi-

49 1763 237 1808 nionem
254 1759 446 1807 nostram
461 1759 774 1806 Oratoriarum
791 1760 1124 1808 Institutionum
1139 1759 1212 1807 lib.
1221 1777 1271 1806 v1
1294 1776 1388 1821 cap
1405 1777 1417 1804 1
1426 1775 1476 1804 1
1508 1760 1654 1805 Etiam

47 1829 255 1873 Terentii
271 1827 357 1872 vita
378 1824 567 1872 Donato
580 1824 807 1871 tribuitur
849 1827 932 1875 Sed
949 1845 1047 1875 eam
1065 1828 1268 1874 Suetonii
1281 1823 1380 1875 esse,
1400 1827 1657 1871 monuimus

56 1891 185 1957 hujus
203 1895 350 1958 operis
366 1890 485 1937 libro
515 1909 552 1940 ι,
573 1907 669 1955 cap
662 1906 834 1937 xxxt.

15 1956 17 1959 ’
127 1962 168 2006 Τ
185 1977 207 2005 ε,
227 1977 259 2006 R
275 1976 294 2003 ε
313 1975 346 2004 Ν
360 1972 385 2001 T
402 1974 461 2003 1A
478 1973 550 2003 Nu
565 1975 583 2004 5
610 1992 622 2010 ,
661 1959 726 2004 vir
750 1952 1013 2005 consularis
1006 1988 1017 2008 ‚
1051 1973 1185 2020 atque
1203 1959 1322 2005 idem
1338 1957 1663 2019 campiductor.

47 2024 210 2073 floruit
227 2024 304 2073 sub
317 2023 465 2070 liberis
481 2024 938 2087 ConstantiniMagni
956 2026 1088 2079 ‚item
1109 2021 1316 2087 Juliano,
1342 2024 1656 2087 &joviniano

58 2094 148 2140 Hic
161 2095 209 2140 in
226 2091 487 2156 posteritatis
503 2092 713 2136 notitiam
726 2078 848 2137 venit
864 2089 1170 2155 consignando
1188 2092 1445 2151 martyrium
1473 2091 1499 2135 S
1512 2091 1557 2135 S.
1574 2093 1661 2154 Jo-

48 2161 196 2210 ¹annis,
213 2164 257 2206 &
279 2157 422 2203 Pauli:
451 2157 560 2203 item
575 2157 736 2204 Ovinii
755 2156 995 2207 Gallicani,
1027 2159 1105 2220 qui
1126 2173 1227 2203 cum
1252 2158 1305 2201 L.
1331 2155 1516 2202 Aurelio
1533 2156 1659 2218 Sym-

56 2225 217 2272 macho
235 2220 510 2271 consulatum
529 2220 655 2286 geffit
677 2236 748 2269 an.
772 2227 806 2269 C
820 2222 862 2268 h.
882 2237 1083 2269 cccxxx
1103 2240 1114 2269 .·
1138 2224 1444 2285 atqueiterum
1462 2222 1556 2284 post
1573 2221 1667 2268 bel-

56 2291 149 2337 lurn
177 2286 377 2338 adversus
407 2291 705 2335 Sauromatas
762 2289 914 2336 Habes
944 2306 1047 2336 eum
1073 2286 1527 2340 commentariolum,
1550 2290 1669 2351 apud

56 2359 236 2405 Surium
250 2358 391 2401 Tom
402 2372 417 2401 1
430 2372 444 2400 1
462 2368 478 2398 1
497 2356 658 2419 adJun.
661 2370 757 2400 xxv
770 2370 808 2401 1.
857 2360 923 2402 Ac
941 2356 993 2402 ad
1019 2354 1202 2401 verbum
1223 2371 1334 2417 pene
1351 2352 1500 2398 illum
1489 2370 1536 2399 in
1549 2371 1668 2400 mar-

57 2423 283 2487 tyrologio
305 2419 380 2466 suo
398 2418 615 2485 exscripsit
639 2424 772 2470 Ado,
793 2418 1167 2485 Archiepiscopus
1202 2416 1496 2467 Viennensis.
1519 2419 1598 2466 ubi
1618 2425 1665 2468 <Sc

58 2491 382 2536 Terentianum
399 2486 519 2534 hunc
537 2489 769 2541 nominat,
801 2503 934 2551 atque
965 2485 1020 2532 ab
1037 2504 1091 2534 eo
1109 2489 1246 2534 trium
1275 2480 1441 2532 horum
1460 2489 1668 2549 martyria

56 2553 270 2618 descripta
283 2552 423 2603 fuiffe‚
441 2551 640 2617 locuples
657 2552 789 2600 nobis
808 2555 923 2600 testis
943 2553 1021 2599 est·

120 2624 354 2683 Tempore
371 2617 620 2667 Theo'dofii
649 2621 804 2682 Magni
822 2618 1049 2666 excelluit
1038 2634 1154 2666 inter
1174 2597 1439 2666 Occidentis
1455 2619 1663 2664 dostores

53 2689 107 2735 Β.
139 2688 269 2736 ΑΜΒ
286 2702 320 2735 R
340 2703 369 2734 o
391 2702 409 2734 s
429 2702 552 2734 ιιι5.
586 2682 765 2734 acinter
783 2701 852 2734 tot
869 2684 1074 2752 praeclara
1092 2700 1389 2735 monumenta
1411 2686 1543 2733 etiam
1565 2681 1666 2793 reg-

1333 2764 1337 2768 *
1523 2762 1602 2811 qui
1642 2761 1666 2793 e
