2095 3065
448 135 540 183 ἔξω
791 115 1153 161 ‘TGERARnt
1194 108 1742 165 Io‘aNN—stossL

448 189 603 238 chum,
617 189 664 232 &
679 178 855 246 capituli
869 177 1055 244 scribam
1067 210 1078 229 ,
1097 176 1291 223 eundem
1309 174 1392 222 effe
1407 192 1456 221 ac
1474 174 1852 239 historiographus
1866 175 1937 230 infe
1955 197 1968 228 ·,
1988 174 2045 238 def

448 264 544 318 quo
561 253 730 298 dictum
744 246 893 294 nobis.
932 243 1091 308 quue
1103 259 1197 288 non
1213 240 1403 293 dubitat,
1418 243 1527 304 quin
1542 258 1661 287 anno
1680 241 1789 288 Chr.
1802 246 2045 291 Ioeccrxxu

453 314 731 384 superfuerit.
768 313 1001 360 Iino-anno
1026 314 1291 356 locccixxxv
1304 338 1318 360 ,
1339 322 1544 369 tempore
1561 305 1807 354 obfidionis
1829 307 2043 366 Parifinae,

453 388 500 432 iu
520 386 626 432 vivis
651 380 776 428 fuiffe
805 376 1055 425 arbitratur.
1104 375 1247 436 Qod
1264 371 1294 418 fi
1310 373 1386 420 est,
1407 372 1529 417 valde
1547 371 1679 418 fuerit
1693 371 1935 438 longaevus.
1982 380 2045 423 E.

450 452 634 515 quidem
650 463 821 497 metuo,
838 461 893 490 ne
906 441 1104 490 notarius
1118 442 1191 486 iste
1207 438 1313 485 alius
1329 436 1378 484 fit
1392 436 1446 483 ab
1460 436 1832 502 historiographo.
1857 443 1999 504 Qod
2013 441 2043 489 fi

450 520 524 568 est,
545 505 776 580 perperam
802 524 859 558 ex
886 506 1063 555 duobus
1087 522 1227 551 unum
1256 506 1508 550 concinnat.
1548 506 1785 567 Qicquid
1801 507 1874 554 est,
1899 506 2043 565 Posse..
2078 558 2083 565 s

445 587 573 631 vinus
587 581 726 628 audiri
742 595 835 624 non
851 573 1009 625 debet,
1039 570 1144 618 cum
1159 567 1349 617 claruiffe
1363 570 1625 616 Aimoinum
1638 571 1697 616 ait
1711 587 1830 618 auno
1846 573 2043 632 Iocccxffi
2091 601 2095 605 ·

448 648 653 697 Scribere
677 645 833 692 debuit
859 646 1049 686 Iocccxr.
1103 638 1193 683 Sed
1225 632 1401 682 fortaffe
1432 640 1478 680 δε
1500 633 1594 680 haec
1617 633 1784 682 librarii
1808 638 1969 686 menda
1983 641 2044 687 est

444 733 529 782 pro
544 730 607 770 40
626 709 924 757 substituentis
943 721 1017 762 90:
1045 704 1122 767 qui
1136 701 1342 767 proclivis
1365 701 1610 747 admodum
1625 699 1760 747 fuerit
1775 718 1916 749 error.
1952 710 2047 757 Im-

447 782 636 847 peritior
650 776 804 838 aliquis
819 773 1061 820 existimare
1077 766 1210 831 poffit
1223 800 1234 817 ‚
1263 768 1524 813 Aimoinum
1540 764 1684 813 vixille
1703 766 1845 815 multo
1862 770 1958 833 post
1970 789 2047 818 an-

448 863 558 894 num
575 840 857 889 millesimum
883 868 894 887 ‚
925 851 1159 902 propterea
1176 833 1299 896 qubd
1321 830 1434 879 liber
1463 834 1668 896 quinctus
1695 835 1748 879 de
1773 833 1904 886 rebus
1919 837 2044 899 gestis

450 917 717 959 Francorum
733 906 1004 970 producatur
1020 900 1150 964 usque
1166 901 1220 945 ad
1234 900 1507 945 nativitatem
1526 897 1719 961 Philippi
1733 903 1768 945 A
1770 902 1917 970 agusti
1935 901 2046 949 :hoc

451 978 512 1024 est
538 990 706 1022 annum
737 970 902 1018 Christi
925 973 1156 1016 cloczxv.
1198 967 1317 1011 Huic
1340 978 1606 1027 argumento
1634 962 1764 1011 facile
1792 970 2048 1016 occurritur.
2086 972 2088 974 ’

455 1045 576 1090 Nam
594 1038 832 1086 Aimoinus
847 1035 989 1082 solum
1004 1048 1176 1097 partem
1192 1047 1289 1078 eam
1309 1029 1410 1084 libri
1429 1031 1601 1093 quintsti
1617 1027 1896 1094 scripfit‚quae
1918 1034 1976 1080 est
1995 1034 2048 1081 de

453 1104 734 1171 temporibus
750 1102 903 1149 Karoli
916 1099 1088 1163 Magni.
1101 1097 1320 1145 Ludovici
1341 1097 1421 1148 Pii,
1441 1094 1661 1144 Lotharii‚
1680 1100 1726 1142 δε
1744 1097 1967 1145 Ludovici
1986 1115 1997 1143 1
2014 1116 2050 1145 ι.
2074 1099 2084 1122 ³

452 1175 598 1236 Qod
610 1169 654 1225 fi,
669 1185 716 1215 ut
732 1168 928 1214 Breulius
945 1171 1153 1229 opinatur
1171 1193 1184 1212 ‚
1215 1177 1419 1226 tempore
1433 1160 1675 1209 obfidionis
1691 1160 1887 1209 Parifinae
1902 1162 2050 1228 super·
2080 1184 2083 1197 τ

450 1240 586 1286 fuerit
603 1266 614 1286 ‚
647 1232 849 1297 scripfiffe
880 1234 1012 1279 etiam
1036 1227 1167 1294 possit
1182 1226 1283 1280 illa,
1321 1245 1418 1292 quae
1445 1226 1614 1273 Carolo
1633 1226 1796 1276 Calvo,
1816 1229 2046 1286 Ludovico

451 1322 490 1351 ιι
512 1321 552 1352 1,
573 1308 619 1350 &
636 1299 806 1348 Carolo
822 1296 992 1349 Crasso,
1006 1291 1344 1359 imperantibus,
1365 1307 1626 1340 evenerunt.
1663 1294 1746 1340 Sed
1762 1292 1944 1353 ulterius
1959 1312 2051 1342 non

449 1368 606 1435 poffit:
634 1363 713 1412 nisi
740 1363 853 1429 pene
885 1363 1149 1410 Nestoream
1178 1358 1243 1405 illi
1266 1373 1438 1406 aetatem
1461 1355 1748 1422 affingamus,
1777 1358 1845 1406 vel
1869 1361 2095 1421 alicujus?

440 1436 629 1501 Joannis
655 1434 709 1478 de
725 1429 1028 1493 Temporibus
1040 1460 1049 1471 .
1086 1426 1188 1475 Imo
1217 1430 1262 1472 δε
1275 1425 1532 1485 conjectura
1547 1440 1645 1470 mea
1657 1425 1717 1471 est
1733 1455 1745 1473 ,
1765 1423 1866 1470 libri
1880 1428 2049 1490 quinffl
2070 1443 2073 1445 *
2091 1433 2095 1436 ”

432 1500 625 1565 *partem
644 1514 739 1545 eam
757 1531 768 1549 ,
793 1513 891 1559 quae
908 1494 963 1541 ab
983 1495 1196 1540 Aimoino
1211 1491 1272 1538 est
1285 1522 1298 1541 ‚
1324 1487 1446 1537 fuisse
1465 1489 1573 1536 olim
1589 1505 1759 1553 patrem
1774 1489 1872 1536 libri
1888 1494 2048 1556 quarti:
2061 1519 2079 1538 -,

450 1566 523 1614 sed
539 1564 593 1611 ab
609 1566 675 1614 iis,
693 1566 771 1626 qui
787 1560 1020 1625 ‚sequentes
1035 1559 1187 1607 Galliae
1203 1573 1328 1621 reges
1346 1557 1564 1603 Aimoino
1576 1557 1841 1603 addiderunt
1858 1586 1868 1604 ,
1886 1558 2081 1622 ξηαπ-ι’

449 1649 498 1680 to
516 1628 599 1678 effe
614 1626 800 1677 avulsam
825 1660 839 1682 ,
867 1627 971 1690 quia
985 1639 1216 1690 putarent3
1241 1621 1398 1669 melius
1417 1620 1800 1668 novuminchoari
1816 1621 1980 1670 librum
1995 1621 2065 1683 ab*
2078 1643 2091 1673 ς’

446 1698 639 1761 imperio
654 1692 811 1742 Karoli
833 1693 1006 1756 Magni·
1027 1693 1139 1740 Sane
1151 1704 1345 1755 quatuor
1361 1688 1678 1735 tantummodo
1707 1686 1845 1735 libros
1860 1691 2048 1752 promit-

446 1767 500 1811 tit
516 1763 762 1810 Aimoinus
784 1762 829 1805 in
845 1757 1103 1823 praefatior'ie
1120 1756 1252 1818 huJ'us
1281 1755 1428 1819 operis
1449 1754 1503 1799 acl
1526 1750 1772 1800 Abbonem
1797 1752 2042 1802 Abbatems.

445 1834 564 1891 Qae
580 1844 648 1875 res
668 1826 800 1878 fecit,
824 1840 872 1872 ut
896 1821 1171 1870 dostiffimus
1200 1820 1487 1868 Hotomanus
1511 1851 1522 1868 ,
1549 1816 1845 1881 disputatione
1874 1822 1928 1868 de
1951 1820 2078 1881 jures

443 1892 609 1941 feudali
627 1911 723 1957 cap.
738 1908 752 1936 1
770 1908 784 1936 1
803 1909 817 1937 1
829 1924 843 1944 ,
856 1889 1009 1937 locum
1024 1891 1245 1935 adducens
1263 1904 1313 1934 ex
1330 1885 1530 1932 Aimoini
1543 1883 1653 1931 lib.v
1668 1901 1807 1948 cap.1‚
1824 1903 1922 1932 eam
1937 1890 2044 1934 cita-

442 1974 509 2007 ret
525 1977 575 2007 ex
585 1959 835 2024 appendice
860 1956 1076 2002 Aimoini.
1116 1959 1167 2001 In
1182 1970 1276 2018 quo
1291 1950 1379 1998 falli
1395 1949 1540 2014 liquet
1554 1967 1604 1997 ex
1618 1950 1718 1997 ante
1734 1952 1878 1999 dietis.
1909 1953 2048 2001 Dicess

442 2042 488 2071 re
505 2028 641 2072 etiam
654 2021 807 2089 poffis,
823 2036 1018 2086 quatuor
1033 2019 1227 2088 primum
1241 2017 1379 2065 libros
1396 2018 1605 2062 duntaxat
1622 2016 1813 2064 edidiffe:
1828 2015 1898 2065 sed
1910 2051 1922 2068 ‚
1940 2021 2044 2065 cum
2068 2056 2073 2061 .

444 2092 594 2152 postea
608 2089 774 2137 multos
798 2084 1032 2153 supereffet
1058 2102 1201 2133 annos
1228 2118 1242 2140 ,
1273 2079 1508 2130 decreviffe
1534 2078 1771 2129 &suorum
1788 2078 2048 2148 temporum>

441 2155 667 2202 historiam
683 2157 894 2220 pandere.
939 2154 1007 2199 Ac
1025 2168 1121 2199 tum
1139 2167 1335 2198 extrema
1349 2147 1483 2196 verba
1508 2162 1668 2211 quarto
1685 2146 1768 2195 esse
1781 2147 1899 2196 libro
1923 2151 2042 2211 adje-

407 2278 412 2280 ξ
440 2223 529 2268 cra.
547 2219 738 2285 eamilue
751 2220 923 2285 quincti
936 2217 1036 2265 libri
1051 2233 1237 2281 partem,
1257 2232 1354 2280 quae
1370 2215 1430 2262 est
1445 2215 1499 2260 de
1517 2212 1798 2274 temporibus
1825 2216 2039 2262 Aimoini.

444 2288 532 2333 Sed
547 2289 645 2348 quis
667 2286 798 2333 abbas
815 2287 889 2332 iste
915 2284 1054 2331 Abbo
1070 2318 1084 2338 ,
1110 2285 1181 2330 cui
1197 2281 1315 2328 suam
1342 2280 1582 2326 A‘imoinus
1606 2276 1832 2325 historiam
1855 2282 2038 2327 dicavit?

444 2367 554 2396 num
573 2350 848 2399 floriacensis
862 2349 1040 2414 collegii
1055 2347 1263 2396 abbatem
1280 2348 1476 2393 dicemus
1497 2353 1508 2386 ?
1551 2344 1601 2390 Id
1613 2360 1788 2408 putant,
1804 2347 1948 2409 quiex
1963 2345 2037 2398 eo,

441 2414 567 2479 quod
591 2415 738 2463 abbati
763 2416 1142 2464 Abbonihistoria
1163 2414 1240 2460 ista
1253 2414 1506 2460 dedicetur,
1524 2409 1758 2473 colligunt,
1776 2413 2042 2461 Aimoinum

439 2481 566 2528 fuiss'e
582 2481 856 2531 monachum
871 2481 1048 2544 collegii
1076 2476 1355 2527 Floriacensis
1377 2496 1387 2525 :
1416 2479 1464 2523 in
1488 2493 1576 2540 qua
1597 2478 1732 2522 etiam
1755 2473 1969 2523 sententia
1984 2473 2043 2526 est

433 2546 708 2595 Poffevinus.
747 2549 891 2611 Atqui
916 2547 1053 2594 Abho
1071 2547 1146 2593 iste
1165 2543 1311 2592 seculo
1326 2559 1428 2591 toto
1443 2542 1597 2602 junior
1612 2542 1670 2587 est
1686 2542 1924 2589 Aimoino.
1972 2546 2043 2591 Si-

431 2615 616 2676 quidem
633 2612 693 2659 est
710 2612 756 2657 S.
776 2611 909 2658 Abbo
936 2627 1102 2674 martyr
1114 2644 1125 2661 ‚
1160 2610 1238 2674 qui
1254 2608 1503 2673 trigesimus
1521 2608 1581 2653 est
1597 2605 1879 2655 Floriacenfis
1895 2608 2040 2659 abbas,

429 2694 565 2746 atque
593 2696 713 2727 anno
734 2678 903 2747 *claruit
928 2683 1032 2725 010.
1070 2678 1202 2730 Neo,
1236 2674 1317 2724 nisi
1342 2675 1460 2724 forte
1479 2672 1654 2721 abbatis
1680 2672 1859 2734 alicujus
1878 2691 2046 2722 nomen

479 2768 484 2774 ³
1913 2754 2052 2787 mter-
