2095 3065
425 110 499 148 DE
547 99 1327 149 H1sron.LA1m.L1n.1.
1638 114 1695 162 3r

134 168 335 246 jeft'ura
343 167 489 242 super
505 167 545 220 S
547 168 674 246 egvii
686 168 795 221 loco;
817 168 1128 242 Sempronius
1142 166 1203 220 ab
1222 167 1384 222 Annio
1403 164 1695 245 divulgatus

143 243 389 317 rejicitur.
435 242 667 297 Ciceronis
685 242 811 295 locus
826 243 1133 296 emendatur.
1171 243 1289 295 Sex.
1308 248 1355 296 ἐξ
1379 240 1484 295 Cn.
1508 242 1689 297 Gellii.

152 316 611 390 Gelliusbcorreflus.
656 315 880 370 Clodius
904 316 1152 371 Licinius.

161 436 404 484 Roximum
428 432 496 480 his
514 434 576 480 C.
595 434 918 494 SEMPRomus
941 433 1238 479 Tuon-auus
1259 458 1280 485 ,·
1299 431 1438 479 modo
1455 431 1684 480 historiam

84 443 154 546 P
161 498 370 565 scripserit
384 534 394 553 ‚
417 497 613 563 deposcit
624 497 798 546 locum.
837 501 934 546 Fuit
948 500 1070 546 enim
1087 496 1241 546 consul
1258 515 1362 545 cum
1386 501 1455 545 M.
1480 498 1684 562 Aquilio,

78 584 196 615 anno
211 565 344 613 Urbis
362 570 505 612 locxx
517 581 572 614 ιν
585 597 597 614 .
620 581 714 629 quo
728 566 876 629 Scipio
896 563 1172 615 AEmilianus,
1190 562 1253 612 sol
1267 563 1391 617 alter,
1407 562 1567 626 scelere
1582 562 1687 611 suo-

76 650 176 680 rum
192 631 275 680 fuit
289 632 532 679 exstinstus.
569 629 673 678 Filia
689 635 781 694 ejus
798 632 1069 695 Sempronia
1080 628 1230 679 socrus
1246 645 1338 678 erat
1355 631 1403 675 Ρ.
1421 628 1602 677 Clodii:
1634 646 1685 678 ut

76 699 256 748 testatur
270 695 485 745 Asconius
498 700 544 745 in
561 695 874 753 Milonianam3
887 696 965 743 ubi
981 714 1095 750 eam,
1110 701 1155 744 &
1168 696 1385 746 Fulviam,
1406 697 1562 743 Clodii
1577 712 1689 742 uxo-

77 781 172 813 rem
189 794 199 815 ‚
226 762 402 812 ultimas
416 761 615 811 adversus
633 761 861 811 Milonem
879 764 939 809 ait
955 763 1260 809 testimonium
1276 761 1436 811 dixiffe.
1479 760 1686 824 Reliquit

27 847 29 850 ⁴
76 831 372 896 Sempronius*
397 830 644 877 Tuditanus
674 829 1106 875 commentariorum
1130 827 1272 875 libros
1291 845 1302 875 ε
1338 844 1533 892 quorum
1564 826 1688 874 deci-

77 899 388 946 mumtertium
404 897 508 943 citat
528 893 693 941 Plinius
715 893 796 942 lib.
813 908 866 941 x1
882 910 896 938 ι
913 911 930 941 1
953 911 1048 960 cap.
1063 911 1114 941 xi
1132 912 1145 940 1
1162 912 1198 951 ις
1215 900 1263 943 &
1283 895 1451 943 Gellius
1468 892 1547 940 lib.
1567 910 1615 940 x1
1635 910 1649 939 1
1664 912 1681 941 ι

76 981 175 1028 cap.
192 980 220 1010 x
235 977 303 1012 ιν.
338 964 462 1009 Idem
481 959 650 1010 Gellius
664 974 714 1008 ex
730 961 782 1009 iis
798 961 1003 1025 quaedam
1025 959 1160 1009 refert
1174 959 1250 1008 lib.
1264 977 1318 1010 vi
1345 978 1443 1027 cap.
1458 978 1472 1006 1
1486 978 1530 1010 v:
1554 975 1604 1008 ut
1617 963 1685 1006 A·

75 1028 246 1078 [conius
260 1030 306 1075 in
320 1029 525 1077 oratione
539 1044 622 1093 pro
638 1028 679 1074 C
686 1025 930 1078 ornelio‚&
944 1027 1201 1077 Macrobius
1215 1026 1291 1074 lib.
1315 1044 1331 1074 1
1359 1045 1455 1093 cap.
1474 1044 1524 1074 x1
1542 1043 1556 1072 ι
1574 1042 1618 1077 1,
1633 1030 1682 1074 &

76 1111 160 1145 xvi
175 1111 188 1142 ι
201 1110 397 1159 quotum
411 1095 549 1159 priori
562 1092 668 1141 loco
681 1095 864 1141 tertium
880 1095 986 1143 citat
997 1094 1329 1158 magistratuum
1343 1092 1527 1141 librum.
1541 1096 1683 1157 Qae-

74 1177 271 1225 cumque
285 1159 391 1209 vero
407 1161 522 1207 exiis
541 1174 711 1209 veteres
730 1158 907 1208 laudant
921 1194 935 1215 ,
961 1178 1014 1208 ea
1034 1159 1127 1208 fere
1148 1158 1349 1209 universa
1373 1161 1428 1207 ad
1449 1176 1518 1207 res
1543 1159 1682 1222 gestas

76 1229 326 1292 pertinent:
342 1242 390 1274 ut
405 1226 718 1274 commentarii
737 1227 851 1286 ejus,
865 1228 1104 1274 maximam
1114 1224 1266 1273 saltem
1282 1242 1471 1291 partem,
1486 1220 1683 1272 historici

75 1290 198 1342 fuisse
213 1293 459 1340 videantur.
486 1293 562 1340 De
578 1290 685 1355 stylo
701 1292 795 1353 ejus
808 1293 870 1340 ita
886 1293 1050 1342 Cicero
1065 1293 1112 1341 in
1125 1295 1265 1340 Bruto
1282 1311 1293 1340 ι
1313 1292 1502 1356 Cajusque
1518 1290 1685 1338 Tudita-

77 1374 166 1407 nus,
180 1354 384 1406 cicmmni
400 1357 618 1420 vitamque
634 1357 1037 1416 viau‚excultus,tam
1051 1358 1129 1423 ejus
1144 1361 1293 1422 elegans
1306 1363 1360 1406 essi
1370 1360 1546 1406 habitum
1561 1358 1683 1402 etiam

77 1427 258 1473 orationis
259 1441 395 1488 genus.
429 1426 562 1473 Unde
578 1424 792 1472 Tuditani
808 1441 1068 1490 cognomen
1083 1421 1135 1472 fit
1151 1425 1290 1473 Ateio
1306 1421 1553 1487 Philologo
1564 1454 1578 1475 ‚
1597 1421 1684 1469 do·

77 1505 150 1538 cet
164 1490 307 1538 Festus
317 1491 365 1536 in
377 1493 547 1538 Tudites.
655 1541 658 1544 Α

147 1557 280 1604 Circa
292 1551 385 1603 haec
404 1571 607 1621 tempora
625 1554 788 1604 florere
811 1557 944 1604 etiam
969 1557 1105 1621 coepit
1125 1560 1182 1604 L.
1204 1556 1245 1603 C
1265 1572 1307 1604 Α»
1323 1573 1380 1603 m
1397 1574 1426 1603 u
1442 1574 1460 1604 s
1495 1556 1537 1604 A
1552 1573 1583 1603 N
1598 1572 1626 1602 'r
1639 1572 1680 1601 1·

76 1635 186 1679 ι’ᾼτ
199 1639 223 1668 r.
237 1638 297 1676 R,-
322 1622 489 1686 quippe
510 1623 661 1668 Fannio
674 1634 783 1668 aetate
797 1622 1012 1686 conjunctus
1024 1651 1037 1669 .
1063 1638 1111 1674 ut
1127 1623 1295 1669 Cicero
1310 1624 1457 1686 primo
1474 1624 1527 1668 de
1542 1622 1681 1685 Legi-

75 1686 159 1734 bus
174 1688 259 1734 ait:
291 1684 473 1739 Sisenna
490 1702 639 1735 autem
654 1688 907 1750 antiquior,
933 1701 983 1733 ut
999 1684 1195 1734 disertim
1209 1686 1409 1750 Vellejus
1428 1687 1682 1735 paterculus

71 1750 219 1812 scribit
233 1750 313 1798 lib.
342 1769 358 1798 1
375 1769 391 1798 1
405 1782 419 1797 .
445 1754 533 1801 Sed
545 1753 765 1816 imprimis
787 1754 842 1800 de
858 1766 984 1799 aetate
998 1752 1092 1812 ejus
1107 1752 1282 1799 illustris
1299 1752 1497 1805 estvlocbus
1513 1752 1680 1800 Valerii

44 1850 47 1851 ν
65 1814 258 1866 ›Maximi
274 1846 289 1867 2
315 1816 397 1866 lib.
431 1835 447 1864 1
478 1834 582 1884 cap.·
596 1835 671 1866 v11
689 1836 701 1864 ε
729 1819 848 1866 unde
875 1818 1183 1866 Gracchorum
1207 1815 1488 1882 temporibus
1510 1815 1678 1872 vixisse,

73 1879 205 1946 ipsius
227 1882 359 1932 Caelii
384 1884 643 1933 testimonio
675 1882 1017 1949 comprobatur.
1056 1883 1300 1935 Nam2ci1m
1317 1881 1529 1932 tetuliffet
1543 1881 1680 1932 Vale-

74 1952 190 2000 rius,
214 1965 266 1998 ut
289 1952 349 1998 C.
368 1949 577 1998 Graccho
593 1948 640 1997 in
661 1947 822 1998 somno
837 1948 878 1998 se
894 1949 1119 1998 obtulisset
1143 1947 1310 2014 effigies
1326 1948 1499 1999 Tiberii
1515 1948 1677 2004 fratris,

72 2028 208 2079 atque
223 2016 263 2063 ei
277 2013 471 2072 dixisset,
497 2014 615 2063 nulla
632 2016 806 2063 ratione
819 2015 964 2064 fatum
977 2015 1085 2064 illud
1100 2018 1234 2064 vitare
1249 2012 1370 2079 posse
1382 2048 1395 2068 ,
1414 2032 1508 2080 quo
1522 2013 1611 2080 ipse
1625 2046 1638 2069 ,
1656 2014 1680 2061 ὲ

72 2080 304 2145 Capitolio
315 2080 460 2147 pulsus
473 2115 488 2137 ,-
501 2080 725 2130 occidisset
739 2099 749 2127 :
763 2079 902 2131 'verba
912 2082 1007 2130 haec
1021 2079 1268 2148 subjungit:
1300 2084 1448 2134 Caelius,
1467 2094 1589 2128 certus
1598 2083 1683 2147 Ro-

71 2161 191 2193 mana
205 2146 358 2208 historie
369 2152 515 2201 anaor,
523 2148 739 2211 sermonem
755 2150 802 2196 de
814 2148 857 2196 ec‘t'
868 2166 910 2196 re
926 2150 978 2195 ad
980 2148 1071 2211 fitas
1084 2165 1210 2202 aures,
1216 2150 1280 2195 illo
1290 2148 1414 2194 adhuc
1426 2150 1681 2209 vivmperve·

70 2211 161 2270 nisse
162 2209 315 2273 scribit.
349 2215 498 2261 Etiam
516 2229 691 2262 aetatem
713 2220 805 2277 ejus
825 2215 928 2263 inde
947 2212 1260 2280 cognoscimus
1274 2245 1288 2264 ,
1319 2212 1444 2277 quod
1460 2215 1514 2260 L.
1536 2208 1683 2260 Craffi

71 2277 274 2344 magister
289 2279 390 2331 fuit,
398 2294 446 2327 ut
461 2279 522 2327 est
537 2297 561 2326 a
595 2281 654 2327 ud
667 2282 944 2329 Ciceronem
961 2285 1009 2327 in
1022 2284 1181 2328 Bruto.
1197 2278 1434 2343 deque
1452 2277 1680 2326 historiam

69 2338 188 2389 suam
201 2340 366 2410 scripfit
379 2347 434 2394 ad
445 2347 498 2392 L.
514 2349 566 2393 ΑΞ
585 2346 677 2392 ium
697 2345 917 2395 Stilonem
932 2380 944 2398 ‚
972 2346 1186 2394 Varronis
1209 2346 1480 2409 magistrum.
1528 2346 1682 2393 Cui&

66 2406 279 2457 Lucillius
293 2409 434 2460 satiras
451 2408 590 2465 mifit,
609 2427 660 2459 ut
672 2413 838 2461 indicat
855 2411 999 2462 versus
1016 2415 1094 2461 i'ste
1113 2413 1228 2477 apud
1243 2409 1543 2460 Cornificium
1561 2411 1607 2457 in
1627 2425 1643 2454 1
1655 2425 1682 2457 v

70 2473 124 2520 ad
139 2476 341 2524 Herenn.
1609 2481 1612 2484 ’

133 2544 222 2588 Has
235 2557 295 2597 res
307 2544 360 2590 ad
371 2557 411 2591 te
416 2543 573 2606 ftriptas
588 2546 685 2591 Luci
701 2545 868 2607 misimus
882 2547 979 2592 AEli.
1023 2540 1261 2609 Qoque
1279 2558 1420 2607 pares,
1437 2556 1511 2590 aut
1528 2539 1683 2607 suppa·

68 2617 137 2651 res
152 2639 166 2660 ,
189 2604 312 2657 fuere
327 2609 524 2658 Rutilius
542 2644 553 2659 ,
572 2615 617 2657 &
631 2608 704 2656 alii
724 2640 736 2660 ‚
758 2628 872 2674 quos
891 2612 1174 2675 Pomponius
1191 2606 1390 2658 recenset
1404 2639 1418 2659 ³
1434 2608 1502 2656 his
1517 2606 1679 2660 verbis,

64 2669 163 2719 Tit.
186 2672 241 2721 de
256 2677 400 2739 origin
409 2693 430 2723 e
439 2678 570 2741 Juris:
586 2677 644 2724 Ab
658 2677 712 2723 his
720 2678 980 2741 profez‘lifhnt
990 2676 1162 2727 'Publius
1177 2674 1350 2742 Rutilius
1365 2675 1507 2739 Qufus,
1523 2675 1590 2736 qui
1603 2681 1681 2718 Ro-

85 2765 90 2770 .
909 2779 922 2793 ,
1618 2750 1690 2784 πω
