2095 3065
439 105 531 165 ³3:93
803 109 1137 154 -GERARnt
1195 108 1487 155 IoANitts
1539 112 1727 156 Voss1

438 169 673 219 conumtin
687 171 815 232 cujus
831 168 1214 219 historiaMiscella
1227 174 1383 220 eadem
1397 190 1446 220 ex
1460 172 1628 221 Orofio
1641 173 1895 242 transcripta
1905 177 2048 246 legere

438 233 692 299 est.Stylum
710 234 740 283 fi
757 232 921 301 speeies
938 242 1046 301 parii
1061 239 1121 289 est
1133 241 1378 286 concinnus
1395 258 1405 287 ε
1423 238 1492 287 sed
1510 239 1600 287 hoc
1616 243 1841 306 aetati‚qua
1856 249 1962 294 vixit
1974 252 2047 296 tri-

438 302 740 350 buamus.Res
754 304 861 351 verb
875 304 983 370 ipsas
999 305 1276 369 compendio
1291 303 1386 352 satis
1401 309 1650 354 commodo
1665 310 2044 364 constrinxit.San?:

443 370 601 433 quanti
616 368 640 415 ὲ
657 372 818 417 G'raecis
836 368 931 418 fieri
949 370 1178 422 soleat‚vel
1189 387 1455 434 argumento
1471 371 1581 420 illud
1593 376 1676 433 erit
1694 403 1705 422 ,
1724 375 1849 438 quod
1866 379 2046 443 Capito,

445 434 676 482 historicus
692 439 869 498 Lycius,
888 436 1111 502 epitomes
1126 438 1330 500 Eutropii
1350 437 1621 501 μετάφςῃεσ-ιν
1651 437 1863 504 scripserit
1883 447 2044 495 Graece:

449 515 499 547 ut
514 501 665 548 Suidas
681 504 873 550 docetin
885 506 1094 552 Καπίτων.
1119 504 1220 548 imo
1236 507 1283 549 δε
1298 501 1526 555 Sirnlerus‚
1542 507 1588 551 in
1605 510 1635 551 A
1648 509 1866 570 ppendice
1880 509 2044 560 Biblio-

450 566 593 614 thecae
611 567 793 615 Gesneri
807 603 819 622 ‚
839 571 1019 617 testatur
1032 600 1048 624 ,
1074 571 1120 616 in
1136 566 1415 615 bibliotheca
1444 572 1495 616 P.
1525 572 1687 621 Pithoei
1707 574 1867 623 exstare
1878 581 2044 629 Ποῳκνιὶσ

445 632 718 696 μετάφςςισ-ιν
731 637 950 683 Romanae
965 636 1167 701 Eutropii
1182 633 1386 681 historiae.
1425 642 1485 683 Ac
1496 639 1626 685 video
1643 641 1845 703 quaedam
1861 659 1912 689 ex
1931 646 2045 692 Paea-

447 700 527 745 nio
545 697 636 746 hoc
662 702 786 747 citari
808 702 830 747 ὲ
849 701 1094 766 Scaligero.
1137 701 1432 765 Compendio
1458 707 1664 769 Eutropii
1692 704 1865 755 Paullus
1883 712 2045 757 Diaco-

450 781 535 811 nus
554 797 569 817 ‚
596 764 715 812 malo
731 763 828 814 sane
844 767 1052 832 exemplo
1066 802 1081 822 ‚
1098 765 1171 815 sua
1188 764 1373 818 inferfit3
1392 783 1440 815 ut
1456 769 1596 834 liquet
1609 788 1660 818 ex
1674 772 1884 820 undecim
1898 777 2046 839 primis

450 829 641 877 historiae
652 829 852 880 miscellae
866 832 989 880 libris
1001 853 1014 878 .·
1056 835 1113 883 de
1126 833 1289 898 quibus
1302 835 1523 890 dicemus,
1540 836 1642 883 ciim
1655 838 1707 883 ad
1727 837 1930 888 Paullum
1945 844 2046 889 Dia·-

449 912 618 943 conum
637 898 879 946 deventum
893 902 993 946 erit.
1036 899 1251 947 Meminit
1271 904 1318 947 δε
1349 903 1554 967 Eutropii
1583 905 1700 950 Beda
1723 904 1895 953 Histor.
1915 905 2054 971 Angl„

449 961 533 1009 lib.
551 980 564 1008 1
588 979 735 1028 cap.xr
748 993 759 1012 2
776 969 838 1017 δε,
852 963 1089 1030 quiseculo
1106 981 1207 1013 toto
1229 966 1346 1013 Beda
1369 970 1523 1030 junior
1536 970 1619 1023 est,
1642 971 1912 1020 Hincmarus
1926 973 2047 1022 Rhe..
2065 983 2068 985 ’

452 1026 639 1083 meniiS,
665 1027 879 1094 opusculo
906 1034 959 1078 ad
977 1034 1275 1079 Hincmatum
1298 1033 1640 1082 Laudunensem
1655 1053 1753 1101 cap.
1770 1052 1870 1086 xvi:
1900 1040 1976 1086 ubi
1993 1040 2046 1088 de

452 1093 652 1144 Castello
674 1098 898 1144 Lauduno
921 1097 1114 1162 loquens
1140 1100 1200 1144 ait
1228 1115 1240 1143 ε
1285 1099 1521 1161 Qodficuc
1550 1104 1781 1163 Eutropius.
1800 1108 1981 1165 antiquus
1991 1106 2058 1171 hig

449 1163 729 1224 Horiographus
746 1192 761 1211 ‚
794 1164 887 1209 dicit
902 1197 914 1216 ,
940 1167 1091 1210 auffore
1106 1164 1337 1214 Marcohrio
1346 1178 1503 1226 praetore
1519 1170 1715 1215 conditum
1728 1201 1741 1220 ‚
1767 1169 1814 1215 ab
1830 1173 1985 1218 exordio
1988 1169 2050 1232 sui
2076 1179 2079 1182 ⁴

452 1231 494 1274 in
510 1226 734 1290 paganismo
758 1230 860 1275 inter
881 1231 1057 1277 civitates
1073 1264 1085 1281 ,
1119 1231 1168 1280 ὡ
1190 1232 1442 1291 provinciales
1445 1232 1552 1293 fi’des
1562 1265 1578 1288 ‚
1613 1250 1753 1282 nomen
1766 1246 1815 1283 ἕν’
1834 1239 1958 1284 locum
1971 1251 2048 1284 non

451 1293 606 1340 habuit.
643 1294 759 1340 Facit
785 1297 832 1341 &
857 1296 1140 1343 mentionem
1158 1295 1428 1344 Flodoardus
1459 1297 1628 1347 Pontif.
1650 1302 1785 1348 Rem.
1805 1301 1888 1349 lib.
1914 1320 1927 1348 1
1950 1318 2046 1368 cap-¹
2068 1337 2074 1349 -.

457 1373 499 1411 1,
514 1362 562 1406 ,ὃς
576 1361 674 1406 Leo
693 1359 906 1409 Ostiensis
927 1361 1026 1425 (qui
1043 1360 1185 1409 Alexii
1200 1366 1247 1410 δε
1268 1364 1457 1410 Henrici
1470 1369 1617 1431 Impp.
1643 1366 1928 1432 temporibus
1943 1368 2048 1433 fuit)
2070 1389 2084 1416 ῖ

452 1420 673 1471 chronici
690 1423 938 1474 Cafinenfis
953 1426 1027 1475 lib.
1049 1444 1069 1473 1
1087 1444 1136 1474 ca
1173 1461 1181 1472 .
1202 1446 1277 1476 xv¹
1294 1446 1309 1475 1
1324 1460 1336 1473 .
1383 1431 1518 1478 MSus
1539 1429 1674 1479 semel
1686 1435 1943 1499 iterumque
1968 1449 2054 1483 exv·
2087 1471 2090 1475 -

451 1489 533 1537 stat
548 1491 594 1536 in
608 1489 785 1555 publica
799 1445 1174 1559 Cantabrigienli}
1189 1497 1441 1544 Academiae
1454 1495 1749 1547 bibliotheca.
1789 1506 1907 1548 Item
1933 1500 2081 1567 apudj,

451 1552 634 1603 eosdem
659 1559 706 1603 in
734 1556 1017 1607 Bibliotheca
1044 1558 1240 1626 Collegii
1272 1564 1321 1610 S.
1350 1564 1603 1610 Benedicti.
1665 1570 1781 1614 Item
1807 1569 1980 1615 Oxonii
2003 1568 2070 1616 in

453 1618 732 1670 bibliotheca
750 1627 787 1671 C
799 1623 947 1690 ollegii
964 1628 1106 1675 Novi,
1125 1630 1172 1675 &
1188 1630 1235 1674 in
1251 1626 1465 1692 Collegio
1481 1629 1767 1680 Ballionenfi.
1799 1636 1871 1681 De
1884 1634 2069 1680 Eiuro-2:

452 1687 531 1751 pio
548 1685 652 1735 *hoc
678 1687 800 1738 satis:
838 1691 862 1738 ὲ
891 1709 986 1755 quo
1007 1690 1203 1743 diversus
1216 1694 1277 1741 est
1289 1696 1530 1759 Eutropius
1545 1702 1886 1761 grammaticus,
1912 1714 2048 1764 quem
2067 1707 2095 1748 -23

452 1755 508 1800 de
532 1753 672 1802 literis
696 1758 850 1804 testem
873 1756 1022 1805 laudat
1045 1758 1290 1807 Priscianus
1313 1759 1394 1807 lib.
1421 1778 1461 1804 1.
1529 1766 1644 1810 Item
1675 1766 1918 1828 Eutropius
1952 1762 2052 1812 mess

452 1820 576 1866 dicus
605 1849 620 1869 2
673 1838 950 1873 memoratus
988 1824 1206 1872 Marcello
1249 1824 1478 1889 Empirico
1502 1827 1668 1891 praefat.
1692 1834 1840 1894 operis
1866 1832 1921 1878 de
1952 1846 2050 1878 men

452 1885 737 1935 dicamentis.
773 1891 1052 1953 Qanquam
1077 1890 1133 1937 de
1160 1889 1251 1938 ho'c
1276 1893 1464 1956 quidem
1491 1910 1587 1942 non
1601 1910 1876 1961 magnopere
1898 1897 2092 1945 advera'·

453 1948 526 1997 sor
537 1953 657 2016 Jano
675 1953 916 2005 Coi-nario,
934 1956 1014 2019 qui
1043 1955 1305 2021 praefatione
1329 1959 1376 2004 in
1403 1958 1670 2008 Marcellum
1693 1963 1968 2027 Empiricum
1984 1959 2053 2009 su-

453 2014 644 2080 spicatur
661 2048 674 2067 ‚
692 2021 888 2067 eundem
917 2019 1045 2070 fuisse
1071 2023 1300 2071 medicum
1328 2022 1661 2073 &historicum
1716 2027 1825 2075 Sane
1852 2041 2055 2093 tempora
2077 2049 2089 2053 ·⁴

454 2085 748 2132 conveniunt.
784 2087 905 2133 Nam
921 2085 1161 2136 Marcellus
1175 2090 1290 2137 vixit
1303 2089 1552 2143 Theodosii
1565 2090 1746 2141 senioris
1758 2092 2054 2158 temporibusz
2077 2120 2079 2122 ·

455 2146 545 2212 ipse
560 2165 710 2198 autem
735 2154 1000 2217 Eutropium
1012 2156 1237 2203 medicum
1248 2156 1347 2215 (uti
1363 2161 1409 2204 ὃς
1427 2152 1600 2221 Julium
1616 2157 2055 2224 Ausonium,patrem

454 2212 644 2266 Ausonii
658 2219 823 2282 po'e’tae)
841 2217 976 2267 refert
992 2220 1110 2268 inter
1124 2238 1203 2268 eos
1217 2225 1296 2286 qui
1313 2219 1449 2287 paulo
1466 2239 1569 2271 ante
1585 2221 1657 2272 sua
1671 2240 1894 2290 tempora,
1910 2226 2057 2287 medi-¹

461 2280 510 2327 ca
524 2295 830 2347 artemagnum
849 2283 1078 2334 honorem
1099 2285 1199 2334 sunt
1216 2289 1459 2336 consecuti.
2085 2337 2088 2340 .

520 2348 550 2393 S
565 2361 589 2391 Β
609 2364 636 2392 x
655 2366 683 2394 *r
698 2365 726 2395 u
742 2366 760 2396 s
794 2352 839 2398 R
853 2368 882 2398 u
897 2368 919 2398 Β
937 2369 966 2399 u
979 2370 999 2400 s
1021 2383 1034 2402 ,
1073 2354 1139 2401 vir
1164 2346 1420 2402 Consularis
1437 2384 1451 2404 ,
1486 2350 1652 2420 scripfit
1678 2372 1826 2404 rerum
1843 2358 2059 2422 gestarum
2088 2375 2093 2400 ι

456 2428 567 2475 pop.
586 2413 729 2459 Rom.
755 2418 1016 2480 epitomen.
1050 2435 1149 2484 quae
1163 2416 1414 2467 inscribitur
1430 2455 1445 2474 ,
1463 2422 1518 2468 de
1533 2417 1748 2469 consulari
1764 2427 1811 2471 &
1841 2420 2063 2488 imperiali
2089 2438 2093 2466 ι

454 2477 672 2541 dignitate
686 2495 820 2543 atque
834 2482 1082 2533 acceffione
1112 2488 1257 2533 Rom·
1294 2487 1493 2551 Imperii.
1538 2490 1652 2535 Eum
1676 2486 1877 2536 libellum
1897 2488 2060 2537 Valene
2089 2512 2094 2521 ›

453 2543 626 2591 tiniano
643 2545 883 2595 dedicavit.
931 2550 1053 2598 Cum
1068 2552 1176 2603 vero
1192 2550 1519 2618 corruptiffime
1536 2553 1636 2601 ante
1649 2552 1871 2602 leoeretur
1884 2591 1898 2613 ,
1924 2552 2061 2603 colla·
2079 2566 2095 2584 '⁷

454 2608 581 2657 tione
595 2611 1053 2674 variorum-codicum
1069 2619 1263 2668 correxit
1281 2635 1402 2669 eum,
1422 2622 1470 2667 δε
1490 2621 1670 2668 eruditis
1685 2595 1863 2669 scholiis
1877 2620 2062 2669 illustra·
2088 2650 2093 2653 --

452 2676 725 2745 vitlloannes
742 2676 1063 2745 Cuspinianus·
1078 2685 1217 2734 MSus
1231 2685 1368 2734 exstat
1384 2687 1558 2735 Oxonii
1575 2689 1623 2734 in
1638 2685 1914 2736 bibliotheca
1924 2685 2065 2735 colle-

2006 2748 2066 2816 gii
