2095 3065
468 123 543 157 οε
590 107 878 155 Harsa-on.
922 107 1162 153 LATIN.
1205 108 1347 153 Lm.
1390 105 1425 149 I.
1694 118 1756 165 4²9

135 179 198 228 les
213 175 388 243 imperii
405 178 616 227 Romani,
637 173 780 237 liquet
792 188 841 220 ex
859 171 945 219 illis
962 172 1167 218 Cornelii
1184 174 1380 236 Nepotis
1398 171 1544 220 verbis
1564 171 1607 218 in
1628 174 1658 218 Α
1670 176 1748 217 tti-

116 263 117 267 ’
134 249 175 293 ci
193 247 303 293 vita:
331 250 444 290 Moris
459 245 577 289 etiam
595 241 787 303 majorum
790 238 965 300 firminus
985 240 1162 283 imitator
1165 238 1251 299 fuit
1266 271 1275 287 ,
1296 240 1616 300 antiquitatisque
1633 255 1746 284 arna-

133 326 208 358 tor:
231 325 350 372 quam
366 308 458 355 adeo
477 310 677 370 diligenter
688 306 824 350 habuit
837 306 1044 366 cognitam,
1060 317 1106 349 ut
1118 320 1203 349 eam
1218 317 1342 350 totam
1358 308 1396 349 in
1411 321 1451 349 eo
1466 309 1659 352 volumine
1674 321 1745 350 exn-

129 378 295 439 pofiierit
309 405 322 425 ‚
347 391 421 436 quo
437 373 676 436 magistratus
689 372 902 418 ordinavit.
933 371 1064 433 Qilla
1077 372 1180 414 enim
1197 372 1276 423 lex,
1295 385 1418 430 neque
1429 383 1508 430 pax
1521 403 1531 420 ‚
1550 386 1672 431 neque
1687 386 1742 415 res

134 445 283 489 illustris
290 454 379 502 pop.
400 443 516 504 §zom-
533 453 612 502 qua
626 452 702 483 non
718 438 758 481 in
774 452 814 481 eo
818 436 889 497 suo
905 448 1072 496 tempore
1075 435 1133 495 fit
1147 448 1301 482 notata.
1344 444 1391 479 Et
1409 463 1422 481 ‚
1448 438 1551 495 quod
1561 436 1737 495 difficilli-

133 507 359 568 mumfuit,
373 506 432 567 fic
443 505 695 567 familiarum
717 503 896 564 originem
909 501 1114 562 fiibtexuit
1129 530 1142 549 ‚
1175 514 1219 546 ut
1237 518 1287 547 ex
1305 518 1343 547 eo
1358 502 1547 547 clarorum
1564 506 1736 549 virorum

125 575 347 636 propagines
355 579 524 635 poffimws
538 567 758 632 cognoscere.
795 566 978 630 Qibus
996 582 1045 614 ex
1067 565 1213 613 verbis
1239 564 1524 630 perspicimus
1539 598 1550 616 ‚
1572 569 1661 614 duo
1678 568 1731 613 iis

131 635 255 685 fuiffe
271 636 392 685 libris
407 634 693 699 complexum
710 647 722 683 ·,
750 646 1008 696 temporum
1025 629 1179 679 seriem
1197 664 1209 682 ‚
1236 637 1282 678 &
1299 633 1518 696 originem
1542 631 1731 679 familia-

132 721 250 751 tum·
280 703 353 751 De
370 703 506 769 priori
518 703 579 747 ita
591 697 764 746 Tullius
778 690 963 762 quoque
977 700 1023 745 in
1041 700 1165 745 Bruti
1180 698 1295 763 pene
1309 700 1463 745 initio:
1483 707 1631 758 Nempe
1644 714 1733 744 eum

133 772 221 817 dicis
241 769 443 826 (librum)
465 782 538 829 quo
553 768 620 812 isle
628 765 847 827 (Atticus)
865 780 1016 811 omnem
1030 779 1158 811 rerum
1173 767 1398 810 memoriam
1414 763 1594 817 breviter,
1611 766 1674 814 (y,
1690 776 1737 809 ut?

134 837 229 882 mihi
246 837 398 896 quidem
411 835 532 895 visum
548 835 615 885 esi,
626 829 894 892 perdiligenter
905 834 1117 891 complexus
1130 833 1198 875 esi.
1208 832 1271 889 >Et
1290 827 1437 893 paullo
1455 829 1564 892 post:
1581 832 1737 876 Habuit

133 903 202 946 ifle
216 903 309 947 liber
322 902 467 949 Attici,
491 899 541 948 ὠ)
555 914 657 958 nova
669 897 769 941 mihi
780 897 930 956 quidem
944 899 1070 942 multa
1086 926 1098 945 ,
1116 904 1168 957 (ff
1181 912 1266 941 eam
1283 898 1496 941 utilitatem
1507 927 1518 944 ,
1537 912 1656 955 quam
1671 912 1734 941 re-

133 969 330 1026 quirebam
346 986 358 1012 .·
386 978 431 1011 ut
443 996 455 1015 ‚
476 966 671 1023 explicatis
684 963 876 1007 ordinibus
890 968 1118 1023 temporum,
1133 977 1207 1007 uno
1224 964 1263 1007 in
1279 963 1469 1023 conspefi‘u
1484 965 1615 1006 omnia
1631 963 1735 1008 vide-

131 1046 227 1077 rem.
244 1031 459 1078 lllustrem
473 1044 657 1093 quoque
673 1026 823 1073 locum
840 1025 1057 1074 habemus
1078 1029 1314 1075 Ciceronis
1332 1026 1412 1073 hac
1428 1027 1481 1073 de
1495 1031 1600 1073 rein
1613 1030 1724 1074 Ora·

131 1111 229 1143 tore
248 1097 480 1160 :Cognoscat
495 1098 613 1149 etiam
627 1093 969 1156 rerumgestarum,
986 1094 1036 1144 <²5¹
1050 1097 1240 1140 memoria
1256 1099 1390 1141 veteris
1400 1095 1587 1145 ordinent,
1602 1096 1734 1138 maxi-

132 1159 192 1208 mi
196 1163 340 1222 scilicet
352 1161 476 1223 nostra
491 1163 658 1209 civitatis
669 1175 684 1203 .·
702 1161 771 1220 sed
782 1168 830 1205 ξφ·
850 1159 1131 1219 imperioso-rum
1152 1162 1377 1220 populorum
1395 1188 1407 1207 ³
1433 1170 1479 1204 (9-
1496 1174 1625 1221 regum
1640 1162 1732 1204 illu-

119 1227 285 1289 strium:
311 1243 424 1290 quem
440 1226 607 1273 laborem
621 1226 724 1272 nobie
738 1227 862 1272 Attici
875 1224 990 1286 nostri
1005 1228 1153 1273 levavit
1167 1227 1272 1272 labor
1284 1244 1297 1271 .·
1319 1227 1387 1285 qui
1401 1224 1639 1284 confi’ri‘atis,
1657 1240 1705 1269 no
1717 1248 1733 1256 ν

121 1293 297 1354 tatifilue
308 1293 547 1353 temporibus,
561 1293 660 1338 nihil
671 1288 756 1338 ciam
771 1290 909 1352 illustre
916 1295 1224 1351 pratermitteret
1242 1321 1251 1342 ,
1271 1290 1731 1352 annorunzseptingento-

129 1374 216 1405 rum
232 1362 456 1406 memoriam
468 1374 543 1404 uno
559 1359 653 1403 libro
665 1359 867 1420 colligavit.
885 1359 944 1402 Ex
967 1357 1034 1403 his
1052 1357 1194 1404 verbis
1209 1353 1533 1421 cognoscimus,
1551 1373 1645 1402 non
1662 1372 1731 1402 res

129 1421 272 1472 soltim
290 1427 516 1488 Romanas
528 1421 741 1473 traofflffffi
757 1421 829 1470 sed
841 1424 974 1470 etiam
988 1438 1186 1470 externas
1203 1442 1212 1469 :
1231 1422 1308 1470 etii
1324 1423 1541 1486 imprimis
1559 1423 1732 1467 Roma—

130 1507 207 1537 nas
222 1505 288 1537 res
304 1490 497 1538 voluerit
509 1487 734 1535 illustrare.
775 1488 889 1535 Sane
905 1486 1287 1553 septingentorum
1304 1488 1382 1534 hic
1400 1504 1621 1533 annorum
1639 1503 1731 1533 me-

121 1557 276 1601 minit.
323 1558 384 1603 At
400 1554 505 1602 cum
516 1555 590 1600 ista
603 1551 811 1601 scriberet
825 1554 1014 1603 Cicero,
1035 1571 1174 1613 annus
1191 1570 1282 1601 erat
1297 1553 1351 1600 ab
1371 1558 1421 1599 V.
1436 1554 1496 1596 C.
1519 1554 1730 1600 Ioccvii.

135 1623 192 1668 Et
206 1619 298 1668 haec
311 1622 365 1668 de
382 1621 604 1685 praecipuo
620 1619 859 1666 Annalium
875 1634 1156 1683 argumento.
1185 1621 1339 1683 .Qod
1352 1620 1457 1665 vero
1478 1620 1637 1682 Nepos
1654 1621 1727 1668 ait,

131 1698 342 1752 praeterea
357 1688 410 1733 de
437 1684 617 1733 familiis
644 1702 700 1733 eo
724 1683 853 1748 egiffe
878 1684 996 1732 libro
1019 1707 1032 1742 ,-
1061 1686 1105 1731 id
1121 1684 1371 1732 asseveranti
1400 1685 1578 1731 credere
1594 1683 1731 1731 debe-

133 1769 245 1799 mus:
258 1749 328 1798 sed
343 1749 582 1798 accuratius
595 1768 691 1798 eam
706 1766 879 1814 partem
892 1750 1030 1799 altero
1044 1752 1103 1797 est
1119 1767 1258 1815 opere
1274 1748 1524 1813 persecutus
1537 1782 1541 1791 -
1552 1753 1620 1796 De
1636 1768 1730 1814 quo

129 1815 186 1864 fic
201 1819 320 1864 idem
333 1819 508 1882 Nepos:
526 1820 633 1864 fecit
646 1820 713 1865 hoc
722 1818 821 1862 idem
825 1816 1039 1878 separatim
1053 1819 1092 1862 in
1104 1821 1190 1863 aliis
1200 1817 1304 1862 libris
1317 1848 1327 1865 ‚
1344 1829 1388 1861 ut
1404 1824 1448 1861 M
1456 1847 1464 1856 ·
1488 1819 1602 1862 Bruti
1616 1832 1731 1879 roga-

94 1908 99 1910 >
130 1897 177 1930 tu
193 1884 350 1930 Inniasn
352 1884 553 1946 familiam
569 1881 593 1928 a
593 1882 712 1945 stirpe
726 1884 778 1929 ad
790 1884 890 1929 hanc
903 1895 1052 1929 atatem
1065 1914 1076 1933 ‚
1095 1885 1225 1929 ordine
1239 1884 1522 1928 enumeraverit
1534 1913 1546 1931 ,
1573 1895 1726 1937 notans,

117 1947 222 2009 qui,
247 1947 358 2009 aquo
372 1963 504 2001 ortus,
532 1964 623 2009 quos
640 1950 796 2001 honores
811 1980 823 2000 ,
857 1948 1066 2010 quibufilue
1077 1949 1330 2009 temporibus,
1356 1947 1511 2007 cepisset:
1522 1950 1729 2008 parimodo

131 2017 302 2060 Marcelli
314 2017 465 2060 Claudii
481 2015 525 2061 de
539 2016 824 2061 Marcellorum
837 2031 850 2058 :
866 2016 1045 2075 Scipionis
1059 2012 1228 2061 Cornelii
1245 2045 1258 2067 ,
1284 2014 1333 2063 (ξφ
1348 2013 1456 2058 Fabii
1470 2015 1639 2058 Maximi
1654 2046 1665 2065 ,
1683 2015 1730 2059 de

134 2081 416 2129 Corneliorum,
435 2080 485 2129 &
497 2081 705 2126 Fabiorum
721 2114 734 2133 ,
761 2082 811 2130 (ξφ
828 2083 1075 2126 AEmiliorum
1088 2096 1238 2141 quoque
1252 2099 1264 2123 .-
1288 2080 1421 2138 quibus
1435 2080 1536 2124 libris
1546 2080 1646 2124 nihil
1655 2092 1729 2139 po-

131 2148 203 2191 tes?
227 2144 292 2203 effe
316 2147 457 2192 dulcius
468 2148 510 2191 iis
527 2179 538 2197 ,
567 2149 634 2205 qui
657 2143 832 2207 aliquam
847 2147 1097 2206 cupiditatem
1108 2147 1251 2192 habent
1268 2147 1408 2190 notitia
1423 2146 1611 2190 clarorum
1628 2148 1730 2192 viro-

131 2226 235 2256 rum.
269 2214 482 2258 Praeterea
505 2212 643 2257 edidit
669 2213 882 2273 imagines
905 2213 1145 2257 dodiorum
1178 2208 1374 2256 virorum
1391 2242 1404 2261 ,
1428 2214 1475 2256 δε
1491 2207 1727 2257 versiculos

132 2277 373 2340 unicuique
410 2277 591 2340 imagini
623 2274 722 2323 suos
748 2276 987 2339 subjunxit.
1040 2279 1166 2323 Idem
1193 2277 1351 2339 Nepos
1379 2292 1389 2321 :
1423 2279 1566 2338 Artigit
1577 2291 1728 2336 quoque

124 2344 310 2402 po'e‘tieen:
325 2346 520 2391 credimus,
536 2358 583 2387 ne
594 2342 671 2406 ejus
687 2355 816 2403 expers
831 2342 1144 2403 effetfitavitatis.
1181 2345 1375 2409 Namque
1388 2340 1566 2401 versibus,
1582 2343 1729 2401 quibo-

132 2423 239 2454 nore,
254 2423 457 2470 rerumque
462 2407 653 2470 gestarum
676 2411 931 2469 amplitudine
943 2439 957 2463 ‚
972 2421 1111 2455 cateros
1124 2409 1287 2454 Romani
1308 2409 1438 2467 populi
1461 2406 1731 2469 prastiterunt,

133 2471 316 2534 exposuit:
339 2479 410 2528 ita,
427 2473 549 2532 utsub
558 2472 794 2534 fingulorum
806 2475 1146 2536 imaginibusfac‘ta
1157 2507 1168 2526 ‚
1185 2472 1498 2534 magistratusque
1510 2471 1641 2517 eorum
1656 2488 1732 2517 non

135 2540 295 2597 amplius
305 2545 513 2601 quaterni&
530 2538 726 2599 qm'mfilue
738 2540 895 2599 verfibios
912 2537 1152 2600 descripserit.
1195 2539 1313 2602 Qod
1336 2541 1404 2585 vix
1426 2540 1651 2583 credendum
1654 2537 1727 2596 fit,

133 2613 264 2647 tantas
279 2620 335 2650 res
353 2619 435 2652 tam
449 2604 777 2663 brevitenpotuiffe
799 2607 999 2650 declarari.
1048 2610 1090 2646 Μ
1104 2607 1262 2652 eminit
1294 2609 1337 2650 ὃς
1357 2602 1520 2649 Plinius
1536 2602 1730 2649 lib.xxxv

131 2663 286 2714 histor.
303 2685 443 2719 natur.
458 2686 553 2734 cap·
568 2684 584 2714 1
602 2685 619 2714 1
637 2684 649 2716 :
675 2673 892 2734 Imaginum
905 2686 1077 2718 amorem
1082 2670 1255 2735 flagriiffe
1269 2670 1465 2734 quondam
1480 2702 1494 2724 ,
1511 2666 1730 2731 testesfiint,

1023 2739 1063 2783 G
