2095 3065
392 104 1070 156 manummmvrm.
1113 104 1368 154 [113.ῐῇ
1559 120 1651 166 ‘³:95

49 177 116 231 ’ἐκ
130 175 364 244 quondam
378 173 667 223 bibliothecae
680 173 851 219 codex:
873 171 938 216 uti
965 174 1012 216 δε
1036 168 1269 219 Robertus
1286 175 1310 220 ὲ
1338 176 1471 221 Porta
1495 173 1652 221 Bono--

46 243 227 296 niensis.
273 245 405 307 Qin
432 257 634 307 excerpta
657 238 878 302 Spartiani
900 268 917 292 ,
962 235 1130 299 quibus
1157 254 1205 284 ex
1228 238 1350 304 eapse
1377 240 1652 288 bibliotheca

48 308 284 362 Salmasius
301 307 399 358 usus
413 307 498 356 fuit
515 337 530 359 ‚
559 323 654 355 non
670 306 712 353 ei
725 303 839 353 hanc
859 302 1001 349 modo
1031 303 1165 350 vitam
1180 304 1385 353 tribuunt
1400 323 1409 358 3
1430 304 1501 354 sed
1514 310 1650 353 etiam

47 379 142 428 illas
151 379 291 426 trium
307 377 665 423 Antoninorum,
682 388 790 436 quas
804 369 904 418 ante
919 367 1189 417 referebam·
1233 374 1320 419 Sed
1341 372 1430 420 hoc
1444 373 1472 419 si
1486 389 1651 427 vetem

2 484 10 489 ,,
51 446 130 499 est,
145 442 256 491 nihil
269 438 454 505 amplius
471 440 715 505 Lampridii
731 434 927 502 supersit.
966 436 1136 482 Verum
1165 455 1260 485 non
1277 455 1362 503 ego
1389 439 1487 504 plus
1513 437 1651 485 ausim

51 509 159 559 fidei
172 507 366 557 tribuere
387 507 483 554 unis
494 506 579 554 illis
594 506 822 569 excerptis,
838 502 973 568 quam
992 503 1002 547 i
1008 500 1089 566 pfis
1105 504 1334 552 codicibus
1348 506 1563 570 Spartiani
1578 536 1589 553 ‚
1607 510 1653 552 &

49 570 479 630 MSSis‚&excufis.
521 575 613 620 Aut
638 569 672 618 fi
686 571 904 634 excerptis
928 566 1013 616 illis
1031 566 1166 617 fidem
1182 573 1386 635 derogari
1412 572 1561 618 durius
1579 576 1651 618 vi—

51 641 352 690 detum-dixero
363 640 558 686 eundem
575 637 686 684 mihi
704 635 869 683 AElium
883 635 1319 703 Spartianumatque
1334 637 1501 685 AElium
1518 642 1650 685 Lam-2

48 708 246 774 pridium
261 706 416 755 videri.
454 703 642 752 Ausonii
657 704 766 750 istoc
787 717 966 751 not-um,
985 728 993 739 κ

263 798 378 811 -----
397 775 490 818 Tria
503 773 663 818 nomina
672 771 918 816 nobiliorum.

121 838 266 886 Porto
282 868 297 890 ‚
325 851 482 901 praeter
495 851 583 885 tres
597 850 846 900 quatuorve
858 834 954 883 istas
969 870 983 889 ,
1010 835 1197 884 aliorum
1215 853 1400 903 quoque
1417 838 1529 885 viras
1553 833 1654 883 telin

51 919 212 972 querat
225 905 478 969 Spartianus
493 922 504 951 :
531 900 688 966 easque
705 904 824 947 inter
836 905 977 949 Marci
991 903 1234 956 Antonini,
1249 905 1373 963 cujus
1388 900 1476 966 ipse
1492 905 1657 948 memi-

50 977 125 1022 nit
149 972 280 1019 initio
308 972 404 1017 vitae
429 970 699 1017 Commodi·
742 969 857 1014 Non
871 982 1024 1015 tamen
1047 968 1308 1033 pertexuiffe
1324 971 1528 1018 omnium
1543 972 1655 1017 vitas

55 1036 196 1103 usque
208 1037 263 1084 ad
275 1036 639 1088 Constantinum,
651 1031 721 1082 vel
737 1035 871 1080 etiam
887 1034 1226 1082 Diocletianum
1245 1051 1256 1081 z
1271 1038 1366 1083 imo
1379 1052 1436 1082 ne
1456 1038 1488 1080 A
1500 1035 1660 1083 urelia«

53 1105 106 1152 ni
126 1103 311 1168 quidem
338 1105 476 1151 vitam
501 1099 704 1150 edidisse:
739 1098 851 1147 clare
876 1101 1102 1165 colligitur
1130 1118 1180 1148 ex
1206 1103 1392 1168 Augusti
1411 1107 1507 1165 eius
1532 1104 1658 1149 viraa

17 1166 22 1169 ”
46 1166 252 1235 {vopisco
265 1166 436 1233 scripta.
1235 1174 1236 1177 ’

121 1233 218 1284 Sub
243 1234 549 1283 Constantino
580 1234 714 1282 etiarn
731 1232 843 1281 vixit
882 1235 925 1280 T
941 1249 975 1279 A
993 1250 1047 1279 τι
1065 1249 1091 1280 u
1110 1251 1129 1281 s
1150 1264 1160 1283 ‚
1189 1232 1292 1286 sive,
1313 1251 1361 1283 ut
1399 1235 1539 1282 MSSi
1566 1252 1648 1281 vo—

49 1315 172 1352 cant,
207 1301 278 1350 Sa·
292 1315 327 1347 A
346 1314 400 1347 Τι
415 1317 472 1348 us
514 1301 556 1347 C
573 1317 603 1347 Y
619 1317 652 1347 R
667 1315 754 1346 ηπ,
770 1316 800 1347 u
817 1315 858 1356 ες
897 1300 976 1364 qui
990 1300 1316 1363 imperatorum
1334 1304 1654 1349 Romanorum

48 1369 166 1418 vitas
177 1381 229 1414 ex
246 1370 404 1415 Graeco
417 1368 554 1416 vertit
569 1363 743 1413 Latine.
792 1362 941 1430 Julius
956 1365 1249 1431 Capitolinus
1262 1400 1274 1419 ,
1293 1370 1343 1415 in
1353 1367 1533 1415 duobus
1551 1369 1655 1414 Ma„

46 1433 248 1483 ximinis:
281 1432 602 1498 Qfaflidiofiem
617 1432 701 1491 esset
711 1433 914 1479 clementiae
929 1446 998 1480 tuce
1010 1463 1024 1483 ‚
1045 1432 1293 1495 Constantine
1305 1437 1478 1481 maxime
1489 1466 1503 1488 ‚
1518 1432 1656 1497 fingu-

46 1501 104 1548 los
115 1498 487 1561 quosqueprincipes‚
508 1501 573 1547 vel
581 1499 801 1559 principum
814 1500 927 1545 libros
942 1528 953 1548 ‚
980 1512 1049 1560 per
1062 1502 1175 1546 libros
1176 1498 1347 1563 singulos
1369 1502 1519 1564 legere:
1542 1501 1655 1563 ardhi-

41 1565 118 1613 'bui
129 1565 430 1612 moderationem
441 1598 455 1617 ‚
479 1565 610 1626 quain
624 1577 745 1610 unum
760 1566 939 1611 volumen
954 1568 1045 1611 duos
1057 1568 1297 1612 Maximinos
1309 1598 1322 1615 ‚
1344 1579 1501 1627 patrem
1502 1565 1656 1626 filium-

50 1645 403 1694 que,congererem.
445 1631 609 1678 Servavi
622 1630 791 1690 deinceps
802 1631 976 1677 ordinem
991 1663 1005 1682 ,
1028 1646 1143 1691 quem
1153 1632 1274 1690 pietas
1288 1644 1359 1677 tua
1373 1634 1491 1678 etiam
1505 1632 1527 1675 a=
1543 1634 1655 1676 Tatio

50 1697 193 1764 CyriHo
213 1729 228 1751 ,
255 1698 452 1753 clariffimo
472 1697 579 1756 viro,
598 1697 666 1756 qui
682 1697 810 1742 Graeca
825 1696 865 1741 in
880 1699 1072 1743 Latinum
1087 1699 1224 1744 vertit,
1234 1696 1388 1758 ftrvari
1402 1700 1538 1745 voluit:
1554 1699 1658 1757 quod

47 1762 209 1825 quidem
222 1765 354 1808 nonin
367 1777 443 1808 uno
462 1757 754 1816 tantitmlibroe
771 1762 841 1821 sed
867 1766 986 1809 etiam
1002 1765 1041 1808 in
1058 1764 1233 1823 plurimia
1245 1763 1415 1824 deinceps
1439 1764 1651 1824 reservabo:

49 1831 214 1889 excepti&
226 1833 372 1890 magnii
386 1825 672 1889 imperatoribus
685 1854 698 1876 ‚
720 1842 885 1888 quorum
899 1845 955 1875 res
967 1831 1077 1893 geste
1085 1831 1210 1890 plures
1226 1841 1347 1889 atq-ue
1373 1831 1547 1875 clariores
1570 1833 1659 1876 lon-

45 1895 194 1958 giorem
207 1892 419 1952 desiderant
432 1906 600 1940 textum.
821 1925 823 1927 -
1339 1894 1341 1896 ’

2 2010 3 2014 ¹
124 1960 155 2004 F
167 1973 192 2003 1.
209 1970 282 2004 AV
297 1975 310 2004 1
326 1975 386 2005 us
427 1958 471 2003 V
487 1976 516 2006 o
530 1975 579 2005 Μ
593 1976 650 2007 s2c
663 1975 726 2007 us
788 1959 1031 2021 Syracusius
1077 1961 1217 2007 edidit
1250 1961 1384 2007 vitam
1429 1959 1659 2006 Aureliani

3 2039 11 2046 “
52 2025 221 2088 Imper.
259 2026 374 2070 Item
399 2024 544 2071 Taciti
574 2030 692 2089 Imp.
725 2032 771 2074 &
797 2025 942 2073 fratris
967 2024 1057 2085 ejus
1083 2025 1284 2072 Floriani.
1321 2026 1493 2072 Adhaec
1507 2026 1654 2076 Probi,

52 2105 191 2154 quam
211 2090 266 2137 ad
279 2086 463 2137 Celsum
474 2087 651 2155 scripfit:
686 2108 850 2155 nempe
862 2091 1031 2139 Rufum
1052 2090 1233 2139 Celsum
1249 2123 1261 2141 ,
1288 2107 1335 2138 ut
1346 2094 1392 2137 in
1407 2096 1553 2138 Firmo
1569 2109 1661 2141 vo-

51 2168 142 2202 cat.
178 2156 327 2203 Edidit
341 2156 450 2201 item
468 2158 725 2221 quadrigam
748 2172 1062 2219 tyrannorum,
1080 2159 1211 2204 Firmi
1235 2186 1247 2207 ‚
1282 2159 1535 2211 Saturnini,
1553 2161 1661 2205 Pto-

53 2218 160 2271 culi,
179 2225 227 2268 &
243 2218 427 2271 Bonosi.
470 2223 685 2269 Praeterea
700 2225 858 2286 trigam
872 2224 1210 2287 imperatorum,
1227 2223 1330 2269 Cari
1347 2239 1467 2287 puta,
1483 2227 1661 2272 Nume-

56 2287 183 2340 riani,
200 2287 430 2335 &Carini.
470 2288 636 2351 Neque
652 2284 809 2350 praeter
830 2289 920 2341 ista,
939 2305 1037 2352 quae
1061 2288 1197 2335 hodie
1211 2290 1658 2354 exstant‚quicquam‚

53 2350 126 2403 vel
139 2351 196 2400 ab
213 2351 306 2418 ipso
322 2353 518 2403 auctore,
543 2352 614 2398 vel
628 2353 682 2399 ab
697 2353 784 2400 alio
799 2351 1026 2418 scriptore,
1040 2358 1215 2401 citatur.
1260 2354 1368 2418 Q&
1390 2359 1547 2404 vixerit
1562 2372 1663 2403 aeta-

55 2430 120 2467 te,
145 2434 241 2466 non
257 2434 350 2464 uno
364 2416 574 2480 colligere
591 2420 652 2465 est
667 2435 952 2483 argumento.
1006 2423 1153 2467 Avum
1169 2422 1288 2467 enim
1304 2420 1428 2467 suum
1440 2419 1664 2469 interfuis-

56 2481 100 2531 se
113 2483 219 2530 dieit
234 2484 448 2530 concioni
474 2513 486 2531 ‚
519 2481 626 2529 ciam
657 2486 778 2548 Aper
802 2501 939 2530 manu
966 2488 1249 2533 occideretur
1278 2487 1569 2535 Diocletiani.
1610 2492 1662 2534 In

60 2548 235 2595 Carino
264 2564 413 2595 autem
440 2562 633 2610 quatuor
658 2548 791 2596 hosce
832 2552 1058 2615 principes
1083 2551 1229 2600 laudat
1254 2582 1270 2604 ,
1300 2553 1660 2605 Diocletianum,

2 2628 6 2631 ·
57 2613 411 2667 Maximianum,
442 2612 753 2668 Galerium,&
770 2616 1125 2665 Constantium:
1157 2634 1292 2683 atque
1316 2618 1496 2670 horum,
1514 2617 1665 2682 fingu-

53 2677 106 2728 lis
130 2676 254 2727 libris
270 2709 284 2732 ,
308 2680 441 2727 vitam
463 2677 548 2726 effe
559 2681 784 2746 proditam
800 2682 862 2729 ait
887 2681 942 2728 ab
964 2683 1160 2733 Claudio
1177 2685 1434 2737 Eusthenio‚
1457 2687 1534 2747 qui
1549 2687 1668 2730 Dio-

65 2766 68 2768 ·
908 2752 940 2797 B
959 2748 989 2796 b
1472 2750 1664 2797 cletiano
