2095 3065
99 146 109 149 ⁴
160 142 181 170 ἦ
383 106 1313 157 nsHtsron.LA·-riN.L11³.IL
1553 108 1705 170 264.

58 205 70 232 .·
100 178 205 250 five
236 177 281 232 ei
307 179 570 231 Mercator
607 195 854 251 cognomen
896 220 909 242 ‚
971 179 1057 246 seu
1101 177 1200 248 ipse
1228 189 1525 248 peccatorem
1548 178 1643 247 (Q,

114 251 342 324 modestiae
383 254 536 323 caassd
566 253 860 305 nominavit.
934 250 1102 303 Obiter
1131 251 1327 323 aliquid
1353 251 1408 303 de
1436 249 1649 320 Redem-

58 338 61 359 ²
119 342 168 381 to
208 329 399 381 Clerico.
444 327 719 379 Brauliom's
749 367 764 392 3
805 325 1008 399 episcopi
1040 323 1446 401 Caesa7ntcgr<s1⁷ani
1470 365 1484 388 2
1526 324 1648 378 liber

59 404 79 470 ’Ἰ
119 403 175 456 de
212 403 324 455 vita
351 402 614 454 AEmz'lz'anz‘
634 400 878 465 monachi.
936 401 1180 453 Samuelis
1218 399 1426 454 Beulcmi
1446 398 1644 470 hlstoria

56 470 75 495 ¹
118 477 398 530 itineraria.
441 535 444 538 Α
1634 492 1636 494 ’

127 571 269 618 Rimis
297 569 420 616 annis
449 570 730 633 imperatoris
761 566 956 615 Heraclii
980 567 1077 630 (qui
1110 568 1341 630 imperate·
1364 567 1500 629 coepit
1519 585 1637 616 anno

32 579 119 684 P
133 641 270 688 locx,
296 651 345 680 ac
357 636 482 681 annis
510 638 619 680 rexit
646 635 765 695 xxxi)
791 634 945 680 claruit
987 636 1020 678 E
1036 650 1064 679 u
1078 650 1096 680 s
1112 649 1139 678 Τ
1157 652 1189 679 Α
1206 649 1223 678 s
1240 650 1293 678 iu
1313 650 1330 679 s
1351 662 1362 681 ,
1407 630 1639 697 discipulus

49 701 322 754 Columbani
343 736 352 744 .
424 702 512 747 Hic
541 700 731 763 magistri
763 697 822 745 sui
854 701 938 746 iter
961 697 1196 763 descripsit.
1263 699 1495 761 Qicquid
1525 701 1637 748 vero

49 769 321 831 dee-magistro
339 767 534 831 prodidit
564 763 802 818 Eustafius,
815 764 1102 812 hochistoriae
1120 764 1199 812 suae
1212 767 1365 811 devita
1386 764 1641 826 Columba-3

49 837 96 881 ni
110 832 284 881 inseruit
304 830 455 898 Jonas:
469 833 521 878 de
540 849 632 895 quo
651 832 798 894 postea
812 833 1030 878 dicemus.

63 936 67 940 .
118 898 419 963 Temporibus
437 894 629 961 ejusdem
644 899 942 960 imperatoris,
959 900 1072 945 circa
1085 914 1251 944 annum
1269 901 1430 944 Iocxm
1449 895 1527 944 sub
1546 899 1636 944 Ca-

51 968 249 1016 droano‚
272 966 382 1012 duce
407 966 620 1010 Britanno
639 993 651 1013 ,
679 966 787 1011 vixit
832 965 1030 1010 ΝΕΝΝῙ
1046 982 1074 1011 ιι
1093 981 1110 1009 s
1167 962 1339 1027 Anglus
1366 982 1377 1017 ;
1415 961 1638 1028 Elvodugi

50 1031 210 1085 Probi,
246 1048 295 1077 ac
309 1031 456 1094 postea
470 1028 909 1094 Beulanipresbyreti
927 1059 940 1080 ,
969 1028 1224 1093 discipulus3
1251 1028 1413 1075 Elbodi
1440 1029 1558 1093 ejus,v
1582 1032 1638 1082 de

52 1115 143 1162 quo
159 1099 369 1147 diximus,
386 1094 611 1142 familiaris
629 1112 641 1146 ·‚
659 1113 707 1142 ac
723 1098 900 1142 tandem
914 1093 1298 1142 Bannochorenfis
1316 1094 1513 1140 coenobii
1528 1096 1643 1141 anti-

51 1165 146 1213 stes.
185 1164 425 1210 Historiam
441 1163 641 1209 condidit
656 1165 710 1209 de
724 1164 896 1225 origine
918 1163 1253 1216 Britannorum,
1267 1163 1338 1206 cui
1353 1158 1529 1207 Samuel
1543 1163 1643 1213 Bri-

51 1245 208 1277 tannus
235 1230 401 1276 addidit
427 1242 572 1274 notas.
609 1229 784 1275 Exstare
798 1245 895 1274 eam
911 1231 956 1275 in
975 1225 1640 1281 NorduicenfiCarmelitarum

50 1294 344 1347 bibliotheca,
377 1295 532 1339 auctor
553 1294 613 1340 est
633 1293 809 1341 Balaeus.
853 1296 951 1357 Qi
979 1298 1025 1339 &
1044 1290 1251 1357 scripslfl‘e
1276 1293 1456 1340 testatur
1469 1290 1639 1340 librum

51 1363 105 1408 de
121 1359 317 1411 Urbibus
340 1360 617 1410 Britannicis,
634 1358 834 1423 elogium
849 1360 1080 1406 Britanniae
1096 1391 1107 1409 ‚
1126 1358 1379 1423 apologiam
1396 1359 1639 1421 quandam,

50 1425 430 1491 cosmographiam
445 1456 459 1475 ‚
508 1429 620 1472 item
643 1427 892 1473 additiones
918 1425 1073 1473 Gildae.
1112 1427 1195 1472 His
1212 1427 1334 1471 addit
1357 1421 1520 1470 Pitseus
1540 1423 1638 1471 col-

48 1492 260 1540 lestiones
285 1491 563 1538 historiarum
580 1524 594 1544 ‚
625 1490 789 1537 librum
806 1493 860 1539 de
876 1490 1174 1542 mirabilibus,
1193 1509 1242 1538 ac
1258 1490 1541 1538 Chronicon.
1570 1492 1636 1536 Ex

45 1560 96 1605 iis
114 1558 233 1610 veto,
251 1574 348 1620 quae
367 1555 598 1604 retulimus
614 1592 625 1609 ,
655 1555 854 1621 elogium
883 1560 1068 1621 quidem
1093 1559 1327 1604 Britannia?
1343 1557 1402 1602 ait
1417 1553 1632 1620 supereffe

43 1625 90 1671 in
102 1622 379 1672 bibliotheca
394 1622 574 1669 baronis
589 1622 842 1682 Lumlejani
858 1642 868 1670 :
885 1623 1156 1672 chronicon
1170 1637 1320 1670 autem
1332 1621 1633 1684 Cantabrigiae

44 1689 196 1738 haberi
215 1691 263 1753 in
285 1687 501 1752 collegio*
518 1690 566 1735 S.
594 1689 838 1736 Benediffi.
872 1689 1115 1737 Historiam
1153 1688 1266 1736 vero
1283 1690 1336 1735 de
1353 1688 1527 1750 origine
1540 1689 1633 1733 Bri-

44 1770 282 1803 tannorum
299 1788 312 1807 ‚
336 1773 430 1802 non
457 1756 675 1802 Nordvici
703 1753 848 1802 solum
864 1757 1037 1806 exstare,
1054 1770 1103 1802 ut
1114 1753 1276 1801 Balaeus
1292 1757 1349 1800 ait
1361 1773 1375 1801 ‚·
1409 1752 1480 1800 sed
1497 1756 1632 1800 etiam

45 1816 400 1884 Cantabrigiaein
417 1822 578 1868 eodem
596 1820 1040 1885 Benediffi·collegio
1060 1854 1075 1875 ‚
1100 1836 1234 1885 atque
1255 1821 1364 1867 item
1389 1821 1436 1865 in
1464 1818 1630 1865 biblio-

43 1886 172 1934 theca
195 1886 371 1950 publica
386 1887 479 1947 ejus
497 1886 618 1933 urbis
634 1888 900 1933 Academiae.

83 1978 92 1981 ·>
106 1955 316 2014 Utroque
352 1952 441 1998 hoc
474 1951 608 2015 longe
644 1952 909 2000 celebratior
944 1953 1006 1999 est
1054 1958 1104 2000 Is
1122 1972 1137 1999 1
1153 1971 1183 1999 D
1201 1971 1229 1999 o
1248 1969 1280 1999 R
1299 1969 1358 1999 us
1404 1954 1449 1997 H
1463 1966 1480 1997 1
1497 1969 1513 1999 s
1532 1968 1556 1997 1‘
1574 1966 1632 1998 A·

46 2033 70 2063 L
89 2034 110 2063 ε
129 2024 191 2064 1εέ
207 2034 221 2062 1
236 2033 269 2062 s.
311 2019 453 2080 Stirpe
471 2014 672 2064 Gothica
685 2034 812 2066 natus
836 2018 933 2065 fuit.
966 2021 1095 2066 Pater
1111 2035 1202 2066 erat
1225 2018 1483 2065 Severianus
1502 2049 1515 2072 ‚
1543 2019 1635 2067 Ur·

41 2082 106 2130 bis
139 2081 495 2146 Carthaginenfis
519 2082 749 2147 praefetstus
767 2117 777 2129 .
850 2088 1016 2131 Fratres
1056 2083 1214 2131 habuit
1239 2081 1470 2147 episcopos
1500 2085 1630 2136 duos,

41 2151 296 2196 Leandrum
324 2146 585 2212 Hispalensis
604 2180 615 2199 ‚
653 2155 698 2196 δε
729 2147 1008 2213 Fulgentium
1039 2147 1396 2212 Carthaginenfis
1414 2147 1629 2196 Ecclefiae.

41 2213 263 2279 episcopus
286 2231 362 2278 per
374 2231 513 2261 annos
529 2214 614 2261 fuit
628 2231 755 2271 x13ut
769 2218 822 2262 de
836 2232 891 2262 eo
906 2218 1060 2262 auctor
1071 2215 1130 2262 est
1143 2216 1274 2261 nobis
1287 2218 1430 2263 Lucas
1445 2217 1635 2263 Tuden-

41 2278 104 2326 fis.
145 2282 268 2327 Idem
285 2280 372 2335 est,
399 2281 476 2342 qui
502 2280 665 2341 Isidorus
678 2284 807 2327 Iunior
835 2283 880 2326 in
909 2281 1156 2328 multorum
1174 2282 1306 2328 codd.
1334 2280 1633 2347 inscriptioni-

41 2343 123 2392 bus
136 2360 341 2392 vocatur:
379 2348 496 2391 uti&
511 2345 535 2390 a
549 2346 783 2407 sigeberto
797 2379 811 2401 ‚
835 2346 1111 2393 Tritthemio
1127 2376 1141 2396 2
1162 2352 1207 2394 δε
1228 2348 1339 2395 aliis.
1378 2349 1559 2412 Nempe
1575 2345 1634 2393 fic

41 2411 195 2461 dietus,
212 2425 261 2456 ut
276 2411 564 2474 distinguatur
577 2412 630 2456 ab
646 2410 813 2459 lfidoro
828 2410 1110 2460 Cordubensi
1121 2446 1135 2467 ,
1150 2416 1228 2477 qui
1243 2416 1440 2461 Honorii
1456 2431 1635 2478 tempo-

41 2475 160 2522 ribus
174 2477 282 2522 vixit
299 2492 310 2521 τ
326 2475 414 2522 hoc
433 2475 493 2521 est
508 2477 619 2522 circa
631 2494 796 2523 annum
809 2480 956 2541 gratiae
974 2495 1091 2525 cccc,
1107 2483 1259 2543 Atqu-e
1277 2480 1344 2525 hic
1362 2478 1434 2526 ille
1449 2479 1516 2533 fit,
1533 2483 1631 2543 qui,

38 2554 88 2585 ut
100 2542 280 2602 quidem
300 2539 594 2587 Tritthemius
614 2544 810 2605 prodidit
827 2573 840 2593 ,
870 2548 1218 2593 commentarios
1243 2548 1291 2592 in
1310 2545 1449 2593 libros
1480 2562 1637 2609 regum

38 2605 200 2650 edidit.-
223 2602 388 2669 eostlue
404 2608 564 2651 dicavit
582 2606 766 2656 Oresio,
787 2608 1046 2672 presbytero
1063 2609 1260 2673 Hispano
1278 2643 1291 2662 ,
1324 2615 1374 2658 B.
1400 2615 1437 2659 A
1448 2611 1638 2674 ugustini

37 2667 268 2734 discipulo.
326 2672 381 2718 At
404 2669 669 2735 Hispalensis
701 2671 886 2727 Isldorus
914 2674 1311 2741 claruitimprimis
1336 2681 1447 2725 circa
1470 2691 1637 2722 annum

84 2761 87 2763 ·
1489 2745 1625 2791 locxx,
