2095 3065
385 108 1077 159 naHisroR0LA11N.
1121 110 1264 157 Lrn.
1302 113 1371 159 11.
1587 127 1673 171 233

77 176 503 243 Arelatensis,quam
518 193 569 224 ex
581 177 768 239 antiquo
784 175 941 222 codice
958 174 1304 225 membranaceo
1321 177 1573 226 monasterii
1587 183 1675 228 Le·

77 244 279 301 tinenfis‚
294 247 337 292 in
351 240 670 306 Chronologia
684 240 935 288 ianitorum
953 272 966 292 ‚
981 245 1024 288 ὅ(
1039 241 1271 292 abbatum,
1291 242 1612 309 illustriumkIue
1627 262 1679 293 e·-

75 322 145 381 jus
169 313 421 360 monasterii
437 313 634 358 virorum
649 337 662 357 ‚
687 308 733 354 in
752 306 900 355 lucem
921 308 1060 355 edidit
1073 310 1336 357 Vincentius
1353 310 1514 357 Barrali
1532 310 1681 358 Saler-

78 399 179 432 nus.
225 376 313 426 Etfi
326 392 476 424 autem
491 378 537 421 in
553 375 673 420 MSo
687 391 786 421 non
801 374 986 422 addatur
998 390 1172 421 nomen
1194 378 1385 422 austoris
1403 393 1417 421 :
1440 393 1534 423 non
1549 375 1681 423 dubi·

75 448 260 497 tandum
270 458 441 493 tamen,
458 441 569 506 quin
581 441 615 487 is
631 437 684 492 fit
697 442 979 489 Honoratus,
997 437 1229 505 episcopus
1245 439 1533 490 Maffilienfis.
1555 444 1680 489 Nam

75 512 263 578 scriptor
277 508 406 568 hujus
417 510 516 555 vitae
531 504 744 570 exsequiis
769 508 816 552 Β.
834 504 996 552 Hilarii
1020 506 1226 554 interfuit
1248 525 1259 554 :
1299 522 1348 553 ut
1372 507 1506 554 verba
1529 509 1604 555 ista
1627 525 1682 554 o-

76 580 285 628 stendunt
300 590 312 621 :
348 576 542 621 Hebraeam
554 573 836 620 concinentium
857 575 1031 635 linguam
1053 575 1093 619 in
1107 572 1290 634 exsequiis
1310 574 1537 620 honorandis
1552 574 1680 635 audif-

67 645 113 709 [ε
126 661 187 691 me
198 643 332 690 recolo.
372 649 481 687 Nam
494 638 633 700 nostros
647 640 708 684 ira
722 653 858 685 moeror
873 638 1065 699 obsederat
1076 670 1090 693 2
1104 652 1148 685 ut
1160 639 1210 684 ab
1223 637 1337 698 officio
1345 638 1459 700 fiilito,
1474 643 1678 701 impatiens

76 713 211 759 doloris
223 707 431 755 inhibuerit
444 705 687 769 magnitudo.
708 754 711 758 ,
733 706 762 751 S
768 704 886 769 eque
900 698 1115 768 praefuisle
1130 702 1223 751 aliis
1237 736 1252 759 ,
1288 705 1408 752 idem
1422 702 1570 754 semel,
1587 707 1676 752 ite-

81 790 273 837 rumque
291 802 304 823 ‚
335 789 430 820 non
457 768 641 818 obscure
672 771 849 818 indicat.
896 771 968 816 Est
991 786 1142 818 autem
1158 771 1247 817 vita
1262 769 1356 818 haec
1371 771 1531 817 Hilarii
1548 788 1677 817 rnen·-

79 838 301 890 dofiffitne
323 839 456 886 edita·
515 837 633 884 Vide
661 853 758 901 quae
782 839 829 883 in
855 853 906 884 ea
930 837 1139 883 emendat
1163 836 1366 884 Barthius
1395 835 1573 885 Advers.
1600 835 1678 883 lib.

81 925 165 959 Lv1
184 922 196 950 ι
214 924 251 953 ι.
272 922 413 969 cap-v.
454 900 685 952 Caeterum
705 904 969 950 Honoratus
983 901 1083 955 hic,
1107 903 1186 966 qui
1212 901 1486 950 Maffilienfis
1511 902 1681 968 episco-

82 990 164 1040 pus
178 968 277 1022 fuit,
292 975 340 1018 &
355 969 513 1018 Hilarii
530 966 796 1017 Arelatensis
809 966 1002 1034 episcopi
1019 969 1153 1015 vitam
1171 967 1441 1033 composuit,
1459 969 1679 1016 confundi

81 1055 176 1087 non
188 1036 323 1085 debet
336 1052 438 1083 cum
452 1038 717 1085 Honorino,
739 1032 984 1082 Arelatensi
1001 1032 1354 1099 episcopo,cujus
1370 1038 1516 1083 vitain
1531 1035 1678 1082 literas

78 1102 230 1153 retulit
250 1100 444 1150 Hilarius
456 1098 741 1150 Arelatensis.
784 1101 865 1152 uti
878 1115 961 1148 nec
973 1115 1077 1148 curn
1089 1102 1223 1147 tertio
1246 1102 1488 1148 Honorato
1508 1138 1516 1155 ‚
1547 1104 1679 1149 c0n2

83 1170 298 1225 stantinae,
319 1167 478 1217 Africae
492 1169 695 1217 civitatis,
712 1164 922 1232 episcopo
942 1185 954 1214 ε
994 1168 1071 1230 qui
1085 1170 1132 1212 &
1147 1163 1235 1230 ipse
1261 1169 1373 1214 circa
1388 1167 1483 1216 haec
1503 1183 1682 1232 tempo-

42 1287 46 1289 ,
87 1254 133 1285 ra
144 1238 265 1284 vixit.
301 1235 584 1283 Gennadium
610 1236 666 1283 de
693 1232 784 1288 hoc
796 1233 895 1282 vide
906 1250 1007 1299 cap.
1023 1248 1140 1285 xcv,
1171 1237 1217 1280 ὃς
1236 1235 1497 1282 Honorium
1512 1235 1559 1280 in
1576 1232 1680 1280 scri·-

87 1300 294 1369 ptotibus
315 1318 366 1349 ex
378 1301 614 1350 Gennadio
631 1298 834 1349 sedinxcv.
1557 1357 1561 1360 .

151 1369 208 1415 C.
242 1370 494 1417 Soriius
534 1368 974 1416 Arorttu-Aaxs
1012 1367 1040 1415 S
1064 1383 1077 1413 ι
1098 1382 1225 1415 non
1249 1383 1263 1412 1
1288 1382 1350 1414 us
1379 1395 1394 1416 ,
1447 1368 1683 1414 Arverno-

84 1449 185 1482 rum
201 1432 447 1500 episcopus,
463 1431 539 1480 sub
549 1437 723 1488 Leone,
737 1435 1016 1498 acimprirnis
1030 1436 1221 1481 Zenone
1233 1432 1403 1486 claruit,
1421 1432 1681 1480 Gennadim

85 1516 137 1548 ac
151 1499 602 1554 Honorio,testibus.
640 1498 1019 1564 Qalemqualem
1034 1495 1107 1546 hic
1129 1497 1209 1547 fibi
1229 1501 1265 1546 is
1285 1498 1437 1546 locum
1463 1493 1681 1561 deposcit,

84 1566 193 1630 quia
213 1568 349 1614 vitam
374 1564 610 1630 Apollonii
631 1564 656 1612 ὲ
687 1562 845 1614 Tascio
861 1567 1126 1613 Vistoriano
1146 1566 1245 1629 (qui
1260 1567 1303 1610 in
1320 1561 1684 1611 nonnullislibris

85 1629 276 1680 Roscius
290 1635 499 1694 vocatur)
517 1632 666 1681 Graece
676 1631 899 1698 scriptam,
910 1633 958 1678 in
968 1632 1173 1678 Latinam
1189 1629 1453 1678 transtulerit
1463 1628 1681 1691 linguam.

81 1698 194 1746 Eam
209 1698 263 1744 ad
279 1699 482 1746 Leonem
500 1728 511 1746 ‚
538 1700 730 1766 Euarigis
749 1728 762 1746 2
793 1697 1054 1746 Gothorum
1067 1698 1181 1761 regis
1196 1730 1209 1747 ‚
1240 1693 1535 1742 consiliarium
1549 1692 1685 1760 trans·

83 1761 217 1810 misit.
255 1765 372 1811 Vide
392 1763 622 1828 epistolam
646 1783 657 1809 ι
678 1784 689 1811 ι
709 1785 722 1811 ι
745 1765 917 1811 Sidonii
929 1761 1058 1810 lib.vt
1073 1780 1112 1808 11
1127 1798 1137 1809 .
1174 1761 1241 1809 Ab
1257 1762 1419 1807 eodem
1432 1763 1587 1808 Leone
1603 1777 1679 1808 ro-

83 1844 226 1895 gatus,
241 1845 291 1877 ut
305 1827 425 1875 miss'a
439 1830 658 1895 epistolari
674 1832 777 1880 cura
791 1831 846 1877 ad
865 1827 1141 1876 scribendam
1157 1827 1386 1875 historiam
1407 1825 1448 1875 se
1480 1825 1683 1890 appelle-

83 1896 169 1948 ret,
185 1893 338 1944 callide
349 1893 525 1943 retorfit
537 1931 552 1952 ‚
583 1913 719 1962 atque
731 1897 785 1944 ab
797 1899 955 1944 Leone
968 1893 1063 1959 ipso
1075 1925 1090 1944 .
1110 1909 1161 1942 ut
1176 1894 1315 1957 magis
1329 1893 1498 1941 idoneo
1512 1926 1526 1946 ‚
1539 1896 1581 1938 id
1599 1910 1684 1957 po-

85 1959 241 2025 poscit.
280 1962 367 2008 Adi
387 1959 491 2007 libri
520 1979 569 2010 iv
590 1965 821 2027 epistolam
833 1978 929 2008 xxti
952 1994 967 2014 ,
990 1962 1045 2008 ad
1069 1964 1295 2008 Leonem·
1338 1959 1597 2023 Aliquando
1612 1974 1680 2006 ta—

84 2041 194 2073 men
213 2026 478 2074 Sidonius&
491 2025 717 2076 historiam
731 2029 918 2077 scribere
942 2025 1064 2073 orsus
1077 2026 1162 2073 fuit
1183 2043 1195 2072 :
1228 2041 1327 2088 quae
1353 2039 1445 2071 erat
1460 2026 1513 2071 de
1536 2028 1685 2072 Aure-

83 2089 208 2139 liano
224 2089 280 2138 ab
295 2091 461 2144 Attila,
497 2091 773 2149 Hunnorum
789 2109 909 2159 rege,
925 2090 1122 2148 obseff03
1155 2092 1302 2153 deque
1329 2094 1420 2152 ejus
1447 2087 1687 2143 militibus,

87 2157 197 2205 dum
212 2155 374 2205 urbem
387 2158 646 2222 diriperent,
658 2161 713 2209 ab
728 2162 859 2208 Aetio
876 2159 1063 2222 patricio
1080 2188 1093 2207 ‚
1122 2154 1346 2202 Meroveo
1364 2185 1375 2204 ‚
1394 2161 1441 2202 &
1461 2154 1684 2203 Theodo-

87 2225 197 2273 rico‚
217 2223 478 2270 Gothorum
495 2239 613 2288 rege,
628 2229 706 2290 qui
719 2224 1060 2288 supervenerant
1073 2255 1085 2273 ‚
1103 2222 1281 2285 fugatis.
1319 2222 1408 2268 Sed
1425 2220 1685 2269 difficultate

88 2289 236 2352 operis
249 2290 426 2340 territus
439 2320 451 2339 .
477 2288 501 2334 ὲ
515 2290 747 2354 proposito
763 2291 852 2339 hoc
868 2287 1028 2338 Sollius
1042 2289 1223 2336 destitit.
1236 2286 1354 2334 Vide
1370 2285 1563 2348 ejusdem
1579 2288 1683 2335 libri

89 2353 282 2418 epist.xv‚
302 2371 400 2418 quae
416 2355 471 2400 ad
490 2353 751 2419 Prosperum
765 2354 923 2421 scripta
934 2354 1012 2400 est.

156 2422 358 2467 Zenonis
374 2435 577 2484 quoque,
594 2425 655 2475 δε,
667 2437 716 2468 ut
730 2424 921 2470 videtur,
931 2417 1142 2466 Anastafii
1155 2422 1285 2468 etiarn
1301 2435 1507 2485 tempore
1521 2421 1567 2466 in
1579 2436 1684 2483 pre-

90 2486 156 2532 tio
171 2483 414 2532 habebatur
437 2488 466 2531 F
480 2500 511 2530 A
531 2488 632 2532 u‘sr
644 2503 673 2532 u
687 2504 721 2540 s,
751 2486 884 2534 abbas
902 2482 1164 2536 Lerinenfis‚
1180 2503 1228 2532 ac
1240 2489 1430 2533 Maximi
1447 2489 1491 2533 in
1510 2482 1681 2550 episco-

91 2564 198 2614 patu
214 2549 456 2613 Rhegienfi
472 2549 700 2599 succeffor.
736 2555 824 2599 Hic
840 2549 1074 2598 homiliam
1090 2548 1253 2616 scripfit
1268 2554 1322 2599 de
1342 2553 1431 2599 vita
1443 2551 1573 2612 hujus
1588 2553 1686 2598 Ma-

88 2615 224 2660 ximi:
249 2631 348 2678 quae
378 2616 519 2662 exstat
539 2616 656 2663 inter
677 2616 882 2664 homilias
897 2613 1086 2664 Eusebio
1100 2615 1326 2665 Emiffeno
1348 2616 1579 2682 adstriptas
1594 2650 1607 2669 ‚
1631 2632 1683 2662 ex

88 2679 198 2730 cura
234 2675 309 2743 Jo.
335 2681 526 2746 Gagneji
540 2713 557 2739 ,
581 2679 828 2732 Parifienfis
856 2680 1088 2746 Theologi
1100 2714 1113 2734 ‚
1141 2685 1330 2735 Lovanii
1345 2685 1498 2732 editas.
1541 2683 1685 2728 Perti-

997 2753 1039 2799 G
1062 2766 1093 2814 g
1290 2791 1297 2797 μ
1487 2747 1685 2795 diculum

94 2796 111 2817 A
