2095 3065
424 83 544 154 412*
652 135 655 137 .
818 90 1122 138 Cantium
1162 87 1433 136 toanms·
1471 88 1665 136 Vosst

428 156 757 210 ratmonachus
773 172 936 221 genere
956 154 1130 202 illustris
1146 185 1162 207 2
1187 160 1235 202 &
1261 156 1302 200 S.
1336 150 1516 200 Othoni
1541 168 1689 217 gratus
1715 152 2022 222 acceptusquee

426 230 507 292 qui
531 230 576 272 &
593 223 899 288 quinquennis
915 227 1008 284 ejus
1022 220 1148 269 fuiss'e
1173 219 1384 267 mimulus
1399 221 1616 267 creditur:
1648 222 1862 275 Herbordue
1874 241 2026 272 autem

425 294 597 341 ibidem
613 288 856 351 Scholasticus
869 303 1076 336 vocatur:
1100 290 1351 350 diciturque
1379 288 1503 333 vitam
1520 285 1666 348 profati
1681 287 1839 334 Othonia
1853 291 1892 335 in
1903 289 2025 338 libello

426 361 595 421 quodam
609 358 841 405 dramatico,
861 357 1032 403 carmine
1047 388 1059 406 ,
1086 357 1148 403 vel
1165 357 1284 400 etiam
1296 351 1922 415 pros}luculentiffimeperfhdia'ffiv,
1961 360 2025 403 Ex

426 424 568 473 tribus
586 421 806 487 prioribus
820 436 1028 467 contexta
1041 421 1100 468 est
1112 423 1205 470 vita
1218 422 1262 467 S-
1278 418 1497 469 Othonis,
1512 434 1609 480 quae
1622 421 1754 465 exstat
1769 423 1885 484 apud
1899 424 2023 469 Hen-

426 493 570 538 ticum
589 486 929 534 Canisiumlib.1
950 505 961 531 1
996 488 1207 549 Antiquae
1232 487 1358 532 Lect.
1385 486 1444 529 Ex
1473 481 1623 529 iisdem
1647 502 1830 549 quoque
1849 519 1862 537 ,
1888 502 2024 552 atque

429 560 539 604 item
557 553 823 603 Habonio,
841 553 911 599 sua
925 551 965 599 se
980 551 1190 616 accepiffe
1206 555 1250 597 in
1266 548 1523 616 praefatione
1539 547 1702 596 fatetur
1727 553 1927 600 Andreas
1942 555 2024 601 ab·

430 622 535 670 bas:
579 626 702 682 cujus
717 618 1019 683 quatuorlibri
1035 619 1089 665 de
1107 620 1193 665 vita
1217 616 1418 666 Othonis
1434 615 1598 661 exstant
1613 617 1658 661 in
1677 620 1801 664 Divis
1817 620 2025 668 Bamber-

429 686 635 753 genfibus
652 684 911 732 aGretzero
934 687 1081 733 editis,
1120 683 1347 730 Habemus
1379 687 1421 726 δε
1451 683 1585 728 vitam
1607 684 1652 728 S.
1686 682 1888 731 Othonis
1908 688 2025 751 apud

432 756 612 802 Surium
632 755 688 798 T.
714 767 830 797 1v.a.
851 752 892 796 d.
915 767 932 795 1
949 767 965 794 1
987 748 1074 816 Jul*
1107 752 1194 797 Sed
1210 756 1301 813 ejus
1327 750 1542 794 anet-orm
1562 750 1681 794 M50
1697 751 1798 795 cod.
1824 767 1917 797 non
1933 769 2024 801 erat

431 817 683 883 adscriptus.
714 818 824 863 Non
842 817 1028 864 dubium
1042 832 1206 864 autem,
1225 817 1334 878 quin
1350 816 1511 860 eodem
1529 830 1578 859 ex
1596 811 1723 860 fonte
1735 813 1806 861 sua
1820 814 2023 869 hauserit,

431 886 551 932 unde
576 884 725 947 postea
758 883 957 930 Andreas
988 882 1134 929 abbas.
1179 884 1265 928 Sed
1280 878 1466 942 scriptor
1488 879 1562 926 iste
1580 882 1855 945 compendio
1873 886 2027 932 omnia

435 950 717 998 constrinxit.-
756 949 956 996 Andreas
973 949 1107 996 abbas
1124 946 1217 994 fuse
1233 948 1390 993 cuncta
1406 946 1589 992 diduxit.
2089 1004 2091 1006 η

503 1015 692 1067 Ultimis
728 1030 913 1079 quoque
939 1013 1132 1078 ejusdem
1158 1014 1436 1076 imperatoris
1467 1010 1748 1076 temporibus
1772 1015 1887 1062 vixit
1912 1018 2031 1065 Ro-

432 1100 459 1130 B
476 1100 499 1129 E
516 1100 549 1129 R
564 1100 592 1129 T
605 1098 634 1127 u
648 1098 666 1128 s
680 1114 693 1134 ,
728 1080 1063 1127 archidiaconus
1082 1080 1423 1126 Austrovandiae.
1453 1079 1542 1135 Hic
1558 1079 1696 1126 vitam
1711 1077 1872 1143 scripsit
1886 1100 2029 1147 aequa-
2073 1087 2074 1091 ’

435 1149 488 1196 lis
512 1148 575 1195 sui
601 1151 650 1194 S.
671 1146 846 1198 Aibetti
865 1176 879 1195 ‚
911 1146 1154 1195 monachi,
1183 1150 1229 1192 ὃς
1256 1143 1500 1207 presbyteri
1531 1140 1839 1208 Crispiuienfis
1865 1164 2026 1197 mona-

434 1215 667 1278 sterii;qui
683 1211 798 1259 obiit
813 1213 926 1259 circa
939 1229 1106 1259 annum
1123 1214 1304 1259 clacxn-
1355 1211 1393 1256 S.
1425 1206 1611 1256 Aiberto
1637 1224 1786 1256 autern
1811 1214 2028 1278 aequalem

434 1276 520 1328 effe
549 1280 642 1341 ejus
656 1281 753 1327 vitae
770 1280 1001 1325 audffirem
1022 1313 1035 1333 ‚
1051 1276 1320 1343 praefationis
1335 1275 1429 1323 haec
1441 1274 1573 1322 verba
1590 1274 1853 1326 ostendunt:
1896 1284 2028 1330 Vitam

435 1351 482 1391 S.
500 1346 720 1408 confessoris
741 1348 771 1389 C
773 1346 880 1391 hrifh·
894 1348 1072 1392 Atheni.-
1094 1344 1417 1405 quemadmodum
1430 1339 1453 1384 ιὶ
1477 1341 1650 1404 religiosis
1666 1372 1681 1397 ‚
1706 1342 1758 1392 &
1780 1346 1951 1393 veridicis
1964 1352 2029 1397 vi-

434 1419 498 1463 rit,
512 1409 683 1459 maxime
702 1424 835 1458 autem
847 1409 869 1454 ri
882 1412 1033 1458 domino
1062 1411 1226 1470 Alulpho
1238 1442 1251 1461 ,
1269 1408 1434 1470 religiofii
1448 1409 1631 1453 monacho
1651 1438 1663 1457 ‚
1685 1410 1753 1466 qui
1784 1414 1860 1464 ejus
1876 1411 2027 1470 fiecreta

431 1493 503 1541 prae
518 1483 649 1525 ceteris
663 1475 795 1523 meliits
810 1490 984 1527 noverat,
1000 1479 1124 1538 accepi
1134 1496 1146 1531 3
1156 1489 1223 1536 pro
1238 1478 1312 1520 mei
1323 1476 1464 1535 ingenii
1478 1474 1741 1519 mediocritate
1759 1476 1959 1540 diligenter
1981 1498 2023 1528 e-

433 1560 595 1591 narrare
609 1543 800 1605 constitui.
840 1543 957 1589 Vide
972 1559 1068 1589 eam
1086 1544 1219 1588 vitam
1236 1542 1352 1604 apud
1367 1541 1544 1585 Surium
1567 1541 1625 1586 T.
1642 1556 1656 1585 1
1676 1555 1688 1582 1
1703 1571 1713 1582 .
1734 1556 1749 1585 1
1763 1557 1777 1585 ι
1799 1545 1913 1607 Apt.

505 1611 544 1657 A
562 1625 596 1655 N
609 1627 639 1656 o
655 1626 685 1656 N
703 1626 734 1655 Y
746 1626 785 1655 M
802 1625 830 1654 u
844 1626 882 1657 s,
898 1623 1080 1673 quartus
1095 1606 1281 1670 scriptor
1300 1609 1396 1654 vitae
1410 1607 1453 1650 S.
1473 1605 1683 1669 Ludgeri‚
1701 1621 1907 1672 tempore
1921 1613 2026 1661 vixit

434 1679 481 1725 S.
499 1675 727 1724 Bernardi‚
743 1673 915 1721 abbatis
929 1671 1271 1722 Claraevallenlis
1289 1702 1303 1722 ‚
1322 1673 1435 1719 circa
1445 1687 1547 1717 ann.
1570 1676 1792 1718 clocxtt.
1813 1689 1861 1721 ut
1874 1708 1888 1727 ,
1919 1679 2026 1727 teste

430 1742 593 1790 Christ.
614 1741 893 1793 Brouwetio,
907 1742 952 1785 in
971 1739 1089 1788 MSo
1102 1740 1207 1786 cod.
1223 1739 1424 1785 additum
1440 1750 1550 1786 erati
1563 1734 1634 1783 sed
1648 1737 1730 1785 alia
1745 1744 2025 1791 manticem]

431 1807 540 1857 vero
553 1809 722 1871 priores
737 1822 842 1855 tres,
861 1804 1190 1870 Othelgrimus,
1204 1802 1420 1851 Altfridus
1436 1835 1448 1854 ,
1462 1807 1508 1849 &
1520 1799 1729 1867 Uffingus
1746 1833 1759 1852 ‚
1777 1808 1908 1869 prosa
1923 1827 2022 1856 eam

433 1874 667 1920 materiem
684 1873 938 1923 trastarint3
965 1870 1037 1918 hic
1064 1873 1184 1919 idem
1201 1870 1395 1917 carmine
1410 1868 1623 1930 praestitit.
1681 1871 1895 1932 Qatuor
1921 1876 2029 1923 isto-

434 1955 533 1985 rum
550 1939 756 1984 meminit
769 1939 979 2002 quinetus
997 1935 1183 2001 scriptor
1196 1937 1292 1984 vitae
1309 1934 1724 1999 Ludgeri‚Joannes
1739 1937 2025 1992 Cincinniusa

433 2006 480 2051 in
495 2002 754 2068 praefatione
780 2003 875 2050 susi:
900 2019 1034 2068 atque
1052 2020 1104 2051 ex
1129 2003 1216 2049 istis
1239 2015 1428 2065 quatuor
1443 1997 1620 2046 hausisse
1635 2016 1685 2047 ea
1700 1999 1741 2048 se
1764 2003 2024 2066 profitetur,

434 2083 533 2131 quae
549 2070 733 2132 promit.
776 2071 1043 2118 Cincinnius
1057 2069 1131 2116 ille
1145 2069 1312 2134 prodiit
1326 2064 1537 2114 Coloniae
1551 2080 1654 2113 ante
1667 2077 2004 2122 annos'centum

419 2133 481 2180 ἃ
499 2137 668 2183 decem,
687 2134 924 2199 Qentelii
939 2138 1070 2200 typis·
2001 2155 2004 2156 ⁷

503 2204 540 2246 A
555 2218 585 2246 N
604 2218 622 2246 s
643 2218 665 2246 Ε
684 2218 707 2247 1.
724 2220 760 2248 M
779 2219 808 2249 u
822 2220 857 2255 s,
892 2197 1241 2265 Avelburgenfis
1259 2198 1512 2264 episcopus,
1537 2202 1582 2247 in
1597 2198 1799 2248 Marchia
1822 2203 1876 2249 ad
1904 2205 2028 2255 Ave..
2070 2237 2073 2239 >

433 2259 527 2310 ium
543 2283 636 2311 non
649 2265 782 2331 longe
794 2267 849 2314 ab
867 2264 972 2314 Albi
988 2265 1125 2314 fluvio
1138 2294 1154 2317 2
1166 2265 1319 2313 florui-t
1334 2283 1453 2312 anno
1478 2270 1686 2314 ciocXLVI
1704 2298 1716 2317 ‚
1739 2283 1789 2314 ac
1804 2269 1911 2323 cum,
1930 2274 2027 2339 epi·

434 2330 579 2377 stolas,
597 2346 692 2377 tum
705 2331 951 2380 sanetorum
967 2333 1142 2397 aliquot
1153 2334 1287 2382 vitas,
1308 2332 1504 2395 reliquit.

498 2398 713 2442 Extremis
745 2399 945 2446 Contadi
982 2413 1029 2444 11
1048 2417 1064 2445 1
1104 2397 1385 2463 temporibus
1435 2399 1479 2445 R
1492 2414 1517 2444 A
1534 2416 1562 2446 ι)
1578 2414 1723 2445 ULPH
1735 2416 1762 2447 u
1775 2416 1796 2446 s
1843 2399 1997 2450 Gallus
2010 2435 2027 2457 ,

434 2460 681 2509 monachus
700 2462 1021 2516 Cluniacenfis‚
1037 2467 1173 2513 vitam
1186 2462 1407 2528 descripsit
1423 2465 1466 2510 S.
1485 2466 1604 2512 Petri
1617 2463 1803 2515 abbatis.
1828 2467 1937 2515 MSa
1947 2484 2025 2515 ex·-

437 2528 516 2573 stat
536 2525 759 2574 Cluniaci.

502 2591 679 2639 Claruit
693 2608 789 2640 tum
803 2611 987 2658 quoque
1006 2597 1043 2642 S.
1060 2594 1277 2645 Elisabeth
1291 2594 1684 2660 schonaugiensis,
1704 2597 1829 2648 soror
1847 2597 2024 2646 Ecberti

434 2656 804 2723 Regis,abbatiffa
817 2661 863 2707 in
880 2660 1129 2712 Trevirenfi
1142 2660 1435 2730 dioecefi2quae
1446 2664 1561 2712 inter
1574 2662 1655 2714 alia
1665 2664 1846 2733 reliquit
1859 2662 2023 2776 libmdn

2000 2742 2026 2776 e
