2095 3065
384 155 722 230 contemptrix
737 165 921 209 natura
939 151 1114 218 Dezim,
1134 149 1420 225 delapsaque
1435 152 1540 206 coela

382 235 566 294 Gratia
577 229 806 304 subnixos
819 227 965 282 claris
984 223 1244 283 dottoribus„
1258 228 1413 296 Afros

377 310 619 364 'Traxerit
634 307 686 359 in
701 317 890 378 partes,
909 308 957 358 &
968 314 1120 377 grato
1127 299 1310 372 soedere
1316 298 1495 373 prestet

379 383 632 445 Libertas,
660 381 699 433 S
703 379 993 452 uperzimque
996 377 1185 446 savor3
1218 395 1275 428 ne
1294 377 1496 430 crimina
1511 377 1665 432 Divis

380 462 607 530 Imputet
624 456 869 527 impietas,
887 450 1097 524 reitique
1112 451 1289 525 ignara
1306 450 1538 505 voluntas

380 530 587 590 Audeat
600 529 806 583 audaces
824 527 993 581 vultus
1006 536 1235 598 opponere
1251 524 1356 577 coelo
1376 551 1390 587 3

381 609 480 662 Ille
499 604 653 670 docet,
671 616 922 675 totumque
934 600 1050 673 pius
1058 610 1337 673 propugnat
1351 599 1618 674 Olympum.

383 686 464 738 Ac
481 680 637 735 veluti
651 678 806 731 tacito
822 673 1202 744 subterlabentia
1221 674 1357 746 cursu

384 755 613 812 flumina
627 750 863 823 diffundit
876 751 1088 813 Nereus,
1106 746 1187 800 hic
1191 748 1379 822 gignat
1397 753 1640 817 Orontem,

383 830 497 883 Hic
497 825 875 902 septemgemino
888 835 1160 899 turgentem
1165 822 1371 897 gurgite
1385 823 1584 889 Nilum,

385 907 506 960 Non
525 917 691 956 tamen
710 900 807 973 ipse
833 898 1018 963 minor,
1040 914 1125 951 nec
1143 896 1318 950 divitis
1334 896 1530 972 indigus
1545 897 1682 952 undae

391 980 547 1052 Vsque
551 975 693 1047 fluit,
714 973 950 1046 terrisque
967 967 1247 1048 ingentibus
1258 970 1443 1046 ingerit
1465 991 1640 1044 sequor,

387 1058 562 1125 Atque
580 1051 709 1104 alias
730 1049 947 1123 largitur
961 1065 1118 1118 aquas
1134 1067 1146 1096 :
1178 1043 1247 1114 stc
1262 1044 1344 1098 ille
1349 1049 1554 1116 perenni

390 1127 594 1180 Haurit
596 1125 742 1195 fbnte
757 1124 919 1185 libros,
935 1128 981 1176 ἐφ’
996 1121 1142 1174 claris
1151 1119 1309 1189 secula
1327 1118 1464 1172 ditat·

389 1198 705 1264 Muneribus,
721 1202 994 1269 semperque
1006 1195 1145 1247 novis
1166 1233 1182 1255 ,
1219 1213 1321 1267 quae
1334 1191 1495 1259 donet,
1510 1191 1753 1250 abundate

346 1298 349 1300 “
391 1278 617 1347 Dumque
631 1271 719 1345 sibi
730 1272 876 1325 varia*
892 1268 1109 1324 contexit
1114 1266 1294 1337 fronde
1313 1285 1532 1323 coronam

391 1351 546 1403 Mens
560 1348 747 1418 assueta
761 1345 909 1418 operi,
917 1356 1010 1417 per
1023 1343 1153 1396 mille
1167 1342 1413 1397 volumina
1425 1344 1572 1414 fhlers

391 1422 653 1487 Ambulat,
667 1434 819 1493 atque
826 1420 936 1492 suos
953 1416 1151 1491 aliquid
1155 1417 1340 1490 seponit
1351 1418 1404 1471 in
1418 1418 1548 1488 usus.

397 1500 486 1551 Sic
501 1496 580 1551 ubi
603 1494 864 1569 Grajorum
880 1493 1111 1555 calamos,
1125 1489 1382 1564 &prodita
1395 1490 1527 1547 dnbio

395 1574 672 1626 Enumerat
685 1579 988 1623 monumenta
994 1566 1110 1638 solo,
1129 1578 1466 1639 momentaque
1474 1567 1687 1641 scriptor
1696 1614 1714 1638 ,

397 1649 473 1700 Et
490 1666 643 1700 rerum
653 1645 862 1715 summas
878 1641 1060 1715 aperit,
1075 1658 1201 1695 nunc
1212 1638 1409 1694 abditus
1424 1661 1525 1695 avo

396 1722 584 1776 Anteit
605 1716 941 1795 olympiadum
951 1716 1145 1788 palmas
1158 1755 1171 1775 ‚
1172 1714 1286 1786 jam
1301 1715 1488 1783 Persica
1507 1714 1645 1769 radit

388 1795 654 1869 —Tempora2
673 1800 719 1846 ἐξ
737 1788 989 1845 Herodoto
1005 1790 1208 1843 multum
1220 1802 1453 1843 narrante
1460 1789 1700 1861 superbit,

399 1873 510 1924 Nec
522 1869 651 1922 dulci
660 1864 975 1939 Xenophonte
995 1864 1170 1917 minus.
1202 1862 1438 1936 jamfiHa
1451 1866 1658 1920 Daretis

400 1947 598 2019 Pagina
615 1942 855 1997 mentitur
865 1939 1065 2008 flenium,
1075 1937 1182 2010 jam
1199 1937 1396 2011 Difft'yos
1408 1937 1570 1994 horret

405 2019 586 2076 Fabula
603 2040 618 2071 .·
663 2014 846 2070 Pellaet's
860 2025 1004 2067 vates
1018 2010 1271 2082 arceffitur
1282 2013 1426 2066 aunis

406 2098 442 2149 C
442 2093 652 2147 boerilus:
674 2089 784 2144 binc
797 2086 998 2141 Pbariis
1000 2085 1215 2159 scriptus
1217 2085 1306 2160 sub
1320 2085 1509 2164 regibus
1520 2088 1672 2158 orbis,

403 2167 718 2239 Ausoniaeque
734 2166 923 2217 Ducum
928 2158 1073 2232 fastis
1080 2161 1281 2238 signata
1289 2173 1523 2240 papyrus.

407 2241 707 2296 Conveniunt
719 2236 956 2291 detiorum.
968 2247 1132 2308 operte,
1151 2234 1397 2289 Chaldaeus
1417 2244 1462 2291 &
1478 2240 1647 2309 Affur,

320 2358 327 2360 -
406 2315 681 2371 Phoenicum
696 2311 842 2378 labor,
864 2317 909 2365 &
927 2307 1079 2363 calidi
1087 2311 1274 2379 secreta
1296 2313 1494 2383 Canopi,

406 2394 578 2462 Atque
597 2386 815 2441 Arabum
828 2385 1018 2450 tabula,
1032 2390 1077 2438 &¹
1091 2383 1268 2438 vibiuri
1280 2384 1517 2455 industria
1536 2391 1707 2462 Persae,

409 2467 448 2518 S
452 2483 627 2536 eraque
635 2459 974 2535 grandiloquis
991 2472 1189 2534 turgens
1202 2458 1485 2514 authoribus
1504 2463 1700 2520 Hellas.

483 2542 560 2591 At
576 2557 666 2590 non
681 2556 777 2589 una
796 2547 929 2598 tuas,
943 2532 1100 2588 dobior
1110 2532 1421 2600 celeberrime,
1442 2524 1607 2592 laua'es

406 2614 564 2672 Terra
582 2612 730 2682 capit,
741 2609 1043 2685 partiLatio
1060 2607 1287 2663 dicuntur
1300 2608 1509 2678 bonores,

1837 2690 2011 2767 Gesta-
