2095 3065
432 100 522 146 602
810 96 1119 145 GERARm
1160 90 1662 144 IOANNtsVossl'

433 166 541 210 item
563 164 608 209 in
624 157 928 228 descriptione
944 161 1226 209 Lombardiae
1242 161 1329 208 Cis
1319 161 1525 227 padanae.
1550 163 1635 209 Vir
1646 161 1738 210 erat
1749 199 1763 221 ,
1776 166 1823 213 &
1837 163 2041 229 ingenio,

436 233 483 277 ἃ
500 229 752 276 eruditione
769 228 973 292 praestans
989 263 1001 285 ‚
1016 242 1151 291 atque
1163 264 1176 286 ,
1196 242 1244 275 ut
1261 227 1403 295 Jovio
1416 262 1429 282 ‚
1457 228 1502 274 in
1518 228 1672 293 elogio
1689 230 1899 277 Gale-otti
1917 226 2049 280 Mar-⁷

433 295 499 349 tii,
519 311 704 342 vocatur
718 334 729 351 ,
746 297 1088 342 Grammaticorum
1109 299 1362 354 exac‘h'ffimm.
1402 293 1590 340 Florido
1605 296 1733 341 etiam
1750 295 1912 344 Sabino
1926 315 2042 362 apo..

434 361 559 426 logia
571 363 622 407 ad
633 361 774 407 versus
788 361 1130 407 calumniatores
1164 365 1270 407 L.L.
1297 373 1482 406 vocatur
1501 363 1556 407 vir
1567 362 1786 423 doc‘z‘isfimws
1799 397 1811 418 ,
1846 364 1894 412 ῥ’
1905 364 2043 427 inseri..

435 430 546 487 bendo
563 428 726 474 maxirrte‘
738 442 942 474 accuratas.
983 426 1293 494 Qadraginta
1307 427 1447 477 annis,
1455 427 1617 491 partim
1635 429 1852 480 Venetus,
1875 431 2037 494 partim

437 494 712 544 Mediolani,
728 494 1197 554 docuitjuventutem:
1229 492 1455 554 multaqne
1468 494 1515 537 in
1530 492 1677 538 literas
1690 494 1868 550 retulit,
1884 495 2044 557 quibus

437 559 580 606 lucem
607 559 802 606 adferret
825 558 1107 623 scriptoribus
1132 558 1337 622 antiquis.
1378 562 1520 621 Atque
1534 557 1653 604 idem
1676 575 1880 624 magnam
1895 570 2041 611 rerum

440 626 647 672 notitiam
664 640 755 671 erat
767 623 1025 671 consecutus
1043 642 1052 670 :
1068 623 1203 687 iisque
1220 625 1356 690 magis
1370 658 1384 679 ,
1401 624 1529 687 quam
1543 623 1677 688 stylo,
1695 641 1894 673 vacarat:
1923 641 1971 673 ut
1985 627 2041 675 de

439 692 673 754 eojudicat
702 691 1023 752 volaterranus
1042 689 1118 736 lib.
1133 707 1249 737 xxi.
1300 696 1355 737 At
1373 689 1574 736 Erasmus
1596 691 1640 735 in
1659 692 1965 738 Ciceroniano
1984 693 2040 741 de

441 773 497 801 eo
512 756 567 802 iic
581 755 726 802 scribit
750 774 759 802 :
801 758 1004 818 Georgiam
1015 757 1217 803 Merulam
1235 758 1542 803 Alexandrinum
1556 758 1632 816 effe,
1644 759 1726 816 scia,
1739 772 1783 802 an
1799 759 2043 822 Graecmfue-

439 824 640 885 ritfflescz'a,
666 827 743 884 (ex
761 822 912 867 Italica
931 821 1206 869 Alexandria
1220 818 1346 868 suiffe
1360 857 1371 877 ,
1396 821 1592 868 diximus
1613 826 1719 885 jam)
1733 826 1836 869 virm
1856 826 2042 872 reddendis

442 890 787 948 Graemsplendz'dm
801 923 814 943 2
830 888 880 937 (ῥ’
894 892 1044 952 elegam
1054 923 1068 944 ,
1079 900 1121 932 ut
1133 904 1218 935 cum
1230 889 1404 936 veteribus
1415 891 1540 934 multis
1554 891 1703 950 conferri
1720 902 1847 949 queat.
1887 895 2046 937 Praeter

442 953 725 1019 philologica
745 955 877 1000 etiam
897 953 1020 1000 libris
1047 953 1201 1001 decem
1217 987 1230 1009 ‚
1258 953 1312 1000 ad
1341 952 1623 1001 Ludovicum
1637 953 1856 1001 §fortiam
1881 954 2050 1021 scripfit

440 1020 744 1082 Antiquitates
756 1021 1102 1075 Vicecomitum,
1123 1019 1211 1066 five
1229 1019 1287 1066 de
1301 1019 1427 1084 gestis
1442 1019 1603 1070 ducum
1622 1019 2052 1071 Mediolanenfium.'

440 1085 605 1131 Excufi
621 1085 717 1133 sunt
731 1088 903 1132 Romae.
936 1087 1083 1132 Etiam
1099 1086 1151 1132 ab
1168 1086 1287 1135 Aldo
1304 1081 1507 1149 impreffa
1521 1085 1581 1132 est
1596 1085 1772 1132 Montis
1785 1088 1950 1133 Ferrati
1966 1088 2065 1137 dee*

441 1147 641 1216 scriptio,
658 1154 704 1199 &
719 1152 1013 1217 conflagratio
1029 1151 1191 1199 Vesevi
1225 1153 1406 1197 montis.
1445 1150 1691 1198 Transtulit
1706 1151 1727 1196 ὲ
1744 1150 1905 1198 Graeco
1924 1190 1938 1210 ,
1951 1170 2048 1216 quae

441 1217 536 1263 Dio
554 1218 612 1266 de
635 1220 835 1279 Trajano
854 1218 1059 1275 tradidit.
1095 1218 1350 1265 Admodum
1366 1216 1526 1270 senex,
1556 1217 1745 1264 tonsillis
1761 1215 1905 1264 fauces
1930 1219 2050 1268 infe-

440 1281 669 1341 stantibus,
684 1283 800 1330 obiit
813 1284 1072 1331 Mediolani
1095 1300 1215 1330 anno
1235 1288 1492 1332 cIoccccxc1
1505 1301 1529 1327 v
1548 1302 1558 1330 :
1590 1298 1687 1329 non
1705 1282 1949 1331 admodum
1964 1285 2051 1333 do-

438 1348 562 1397 lente
574 1350 818 1397 Politiano.
840 1351 1029 1416 Qppe
1043 1351 1087 1396 in
1103 1353 1222 1413 cujus
1235 1351 1477 1396 centuriam
1492 1348 1814 1396 miscellaneam
1830 1347 1870 1396 se
1880 1349 2048 1398 cohor-

441 1412 711 1478 tesjacstaffet
723 1413 992 1473 emiffurum,
1007 1432 1190 1479 quarum
1205 1418 1422 1481 impetum
1438 1430 1532 1460 non
1547 1412 1694 1480 posset
1706 1413 1909 1462 sustinere
1935 1437 1945 1466 :
1982 1417 2048 1465 uti

443 1480 686 1528 &Politiani
703 1481 831 1547 ipsius
846 1481 1046 1546 epistolis
1072 1482 1289 1529 discimus,
1331 1482 1425 1528 Fuit
1438 1481 1547 1527 mire
1561 1482 1847 1545 malignus,ac
1864 1498 2046 1547 magnus

443 1563 598 1594 eorum
614 1547 986 1610 obtrectator,qui
1002 1548 1049 1594 in
1063 1548 1216 1596 eadem
1233 1546 1430 1611 palaestra
1442 1545 1584 1594 secum
1600 1546 1879 1595 desudarent:
1894 1565 2050 1610 quem-

443 1612 691 1660 admodum
704 1631 761 1660 ex
777 1615 828 1660 iis
849 1612 1046 1671 constat,
1073 1631 1169 1677 quae
1193 1614 1394 1661 adversus
1411 1614 1664 1660 Domitium
1678 1613 1971 1661 Calderinum
1992 1615 2048 1662 ad

442 1679 701 1726 Martialem
721 1680 985 1726 annotavit:
1017 1681 1123 1727 item
1145 1697 1202 1727 ex
1226 1679 1488 1745 praefatione
1513 1678 1720 1726 Cornelii
1744 1678 1922 1726 Vitellii
1948 1683 2048 1727 Co-

442 1743 619 1807 rynthii
632 1745 810 1810 praefixa
832 1746 962 1810 operi
977 1762 1063 1810 pro
1079 1745 1244 1803 Plinio,
1261 1749 1307 1793 &
1322 1744 1587 1801 Camerino,
1601 1743 1804 1793 adversus
1823 1747 2046 1794 Merulam

442 1810 612 1876 scripto
628 1830 641 1860 a:
662 1811 738 1857 ubi
752 1813 867 1858 inter
880 1810 965 1857 alia
976 1811 1229 1865 refertur‚ut
1245 1828 1328 1858 nec
1342 1811 1608 1876 praeceptori
1625 1809 1766 1857 Philel
1773 1808 1867 1875 pho
1881 1828 2050 1877 peper-

441 1879 576 1940 cerit3
601 1876 671 1924 sed
687 1877 849 1923 summa
859 1892 957 1923 cum
971 1877 1208 1924 insolentia
1223 1879 1268 1924 in
1284 1894 1384 1924 eum
1402 1913 1414 1932 ,
1428 1889 1654 1939 tamquam
1671 1875 1883 1922 lenonem
1899 1878 2050 1942 impu·
2075 1899 2079 1902 ·

444 1960 556 1999 tunt,
569 1943 700 1990 fuerit
715 1944 938 1989 invectus:
966 1960 1060 2006 quae
1076 1943 1174 1990 citm
1195 1940 1456 2007 Philelphus
1468 1940 1800 2007 legiffet‚bonus
1814 1940 2047 2006 senex,jam

446 2011 778 2074 octogenarius,
790 2022 919 2055 tanto
930 2008 1094 2056 dolore
1108 2008 1282 2056 affecius
1297 2008 1395 2064 fuit,
1407 2022 1454 2054 ut
1468 2009 1584 2056 intra
1598 2008 1793 2055 triduum
1813 2009 1948 2055 vitam
1963 2027 2042 2060 ex-

441 2074 619 2123 halarit.
655 2076 829 2121 Merito
854 2075 990 2138 igitur
1015 2075 1069 2121 ab
1094 2074 1276 2141 AEgidio
1302 2073 1496 2121 Maserio
1529 2074 1840 2122 Comment.in
1855 2074 1932 2121 lib.
1951 2092 2004 2122 VI
2018 2091 2040 2123 1

446 2145 696 2204 Argonaut.
719 2141 766 2186 in
781 2140 949 2188 Valerii
966 2141 1108 2187 Flacci
1128 2175 1139 2193 ‚
1165 2141 1280 2188 illud
1298 2139 1459 2202 Nesciat
1473 2176 1483 2193 ,
1509 2153 1623 2201 atque
1640 2156 1763 2186 meum
1775 2157 1843 2186 non
1855 2143 1969 2187 oderit
1983 2145 2048 2188 illa

433 2220 621 2267 parentem
638 2222 723 2271 pro
735 2207 950 2270 exemplo
966 2207 1210 2271 impietatis
1223 2207 1267 2253 in
1284 2219 1606 2271 praeceptorem
1619 2205 1800 2252 adducit
1811 2204 1929 2252 hunc
1942 2208 2046 2254 Me·-

429 2272 603 2328 *rulans
618 2289 748 2334 quem
774 2286 903 2317 vocat
916 2277 1141 2336 ingratorum
1153 2274 1409 2335 diſsipalarum
1417 2275 1634 2333 principem,
1659 2272 1732 2318 ima
1749 2273 1959 2334 vilisfimum
1975 2287 2042 2320 ve-

444 2339 658 2383 xillarium:
684 2353 766 2383 nec
791 2335 964 2383 dubitat
981 2337 1145 2385 ibidem
1160 2354 1259 2384 cum
1282 2354 1336 2384 eo
1351 2335 1559 2384 conferre
1582 2334 1900 2402 discipulorum
1923 2336 2048 2395 illos,

444 2401 468 2448 ὲ
490 2402 645 2464 quibus
660 2401 1023 2468 JoanneaScotus
1050 2403 1107 2451 est
1118 2403 1316 2468 graphiis
1342 2402 1517 2449 occisus.
1555 2402 1877 2467 Intelligendus
1900 2416 2045 2450 autem

446 2482 541 2514 non
563 2466 761 2533 Joannes
774 2472 906 2515 Duns
924 2493 938 2531 3
967 2470 1043 2531 qui
1059 2469 1196 2534 vulgo
1210 2469 1563 2533 magisterfitbtilis:
1583 2466 1656 2515 sed
1674 2467 1872 2534 Joannes
1885 2468 2044 2533 Erige-

444 2549 517 2585 ηπ,
536 2533 706 2579 deliciae
722 2533 877 2580 Caroli
896 2536 1054 2583 Calvi:
1081 2535 1138 2581 de
1153 2551 1244 2597 quo
1261 2551 1344 2581 nos
1358 2535 1496 2582 multa
1513 2536 1560 2581 in
1574 2535 1733 2581 ultimo
1746 2533 2044 2581 HistoriaePe-

443 2599 780 2663 lagianae.I-lunc
797 2601 1009 2649 concitati
1026 2600 1079 2647 ab
1092 2602 1190 2647 aliis
1209 2601 1414 2648 occidere
1431 2599 1758 2666 discipuli‚quia
1773 2599 1815 2646 in
1832 2599 2045 2667 dogmate

444 2665 501 2731 de
513 2663 823 2714 S.Eucharistia
843 2680 939 2713 non
951 2664 1204 2731 sequeretur
1216 2665 1481 2716 sententiani
1496 2680 1794 2715 communem.
1916 2730 1948 2775 F

475 2741 482 2747 ”
1960 2743 1982 2775 ε
1994 2744 2045 2778 us
