2095 3065
354 123 430 157 nn
469 109 752 155 Histon·
796 104 1200 151 LAT1N0L113·
1244 107 1322 151 11.
1537 122 1630 169 253

29 176 217 227 alterurn
232 176 271 224 ei
285 174 452 223 librum
464 173 658 224 addidit,
683 188 777 236 quo
797 168 1211 234 coinple&ebatur‚
1236 188 1334 235 quae
1361 174 1631 236 praeterierat

28 247 316 296 Fortunatus.
345 243 440 288 Fuit
464 240 741 287 Bandouinia
764 235 942 284 alumna
969 240 996 285 S
1008 270 1018 281 .
1034 237 1324 300 Radegundis
1351 258 1364 283 .·
1404 254 1454 285 ut
1481 238 1568 304 ipsa
1583 244 1628 289 in

28 307 198 375 praefat·
217 310 413 356 testatur.
457 305 590 353 Obiit
604 320 752 351 autem
766 306 812 350 S·
829 304 1119 368 Radegundis
1132 320 1252 350 anno
1270 304 1496 352 Ch.10xc.
1530 304 1625 354 Ha-

28 377 105 425 bes
119 376 208 422 hoc
223 371 486 439 opusculum
501 373 617 436 apud
632 372 808 418 Surium
824 371 878 416 T.
899 386 952 418 iv
965 373 1017 418 ad
1032 385 1092 416 x1
1108 384 1125 413 1
1142 384 1159 412 1
1178 370 1296 434 Aug.

1 466 4 467 ⁷
39 476 46 480 -
92 439 289 506 AEqualis
301 436 532 486 Venantio
546 474 561 493 ,
590 443 632 482 δε
652 438 939 483 Bandoniniae
951 434 1036 483 fuit
1051 470 1065 490 ,
1091 441 1133 484 G
1151 440 1180 481 R
1197 453 1220 482 E
1236 454 1263 483 G
1276 455 1304 482 o
1318 453 1349 484 R
1366 453 1422 483 tu
1436 456 1470 489 s,
1511 441 1553 486 T
1570 453 1622 486 u·

25 525 61 558 R
75 527 104 557 o
120 526 147 554 Ν
163 524 186 554 ε
203 523 234 554 N
254 524 272 555 s
292 524 306 553 1
325 524 345 553 s
384 503 468 551 sive
487 534 500 554 ‚
541 519 589 551 ut
619 505 665 549 in
691 503 814 548 MSis
838 497 1056 567 plerisque
1080 517 1279 551 vocatur,
1319 505 1361 549 T
1376 520 1404 550 u
1419 521 1451 550 R
1467 522 1495 550 o
1514 522 1546 552 κ
1569 525 1618 551 ι-

29 593 56 622 c
74 592 103 622 u
115 591 133 621 s
163 570 393 638 episcopus
420 567 773 635 undevigefimus
809 585 820 614 t
869 572 1040 633 quippe
1058 570 1135 632 qui
1164 567 1347 631 praesens
1368 570 1622 620 interfuerit

23 640 162 690 luetui
188 635 407 687 immenso
435 632 837 683 sancitimonialium
862 634 1106 681 obluctam
1136 635 1178 679 S.
1205 636 1492 699 Radegundis
1508 640 1622 701 regi-

23 724 90 757 nae
108 739 121 759 ‚
141 707 196 753 de
217 722 307 769 qua
320 703 518 768 proxime
534 704 729 749 dietum:
769 700 822 746 ad
838 717 971 763 quem
988 702 1097 747 item
1110 699 1233 765 plura
1245 704 1510 749 Fortunatus
1525 700 1623 749 scri-

23 770 180 839 pserit.-
203 784 256 818 'ut
282 769 523 816 Hilduinus
537 766 722 832 epistolii
737 767 790 811 ad
821 767 1102 813 Ludovicurn
1120 769 1246 813 Pium
1261 769 1341 814 ait:
1375 768 1449 814 ubi
1467 773 1513 815 ὃ(
1527 769 1622 830 ejus

26 839 340 899 contemporalem
357 834 434 895 (sic
447 833 673 898 loquitur)
685 830 890 896 appellat.
932 832 1075 878 Patria
1095 830 1180 878 fuit
1195 836 1421 881 Arvernus
1436 866 1448 884 ‚
1481 850 1529 881 ut
1543 852 1621 899 ge-

26 919 158 956 nere,
187 907 247 950 ita
259 904 419 949 virtute
434 933 446 954 ‚
477 898 659 947 nobilis.
696 901 873 945 Patrem
891 897 1046 945 habuit
1061 896 1350 949 Florentium,
1367 905 1413 948 ὃς
1430 901 1626 948 Armen-

26 971 180 1017 tatiam
195 1001 210 1022 ,
239 983 288 1014 ut
316 970 576 1014 Fortunatus
604 966 800 1011 testatur.
854 965 1065 1010 Patruum
1091 978 1241 1011 autem
1257 964 1438 1013 Gallum
1451 965 1625 1030 episco-
1654 964 1656 966 ¹

17 1051 151 1101 pum.
187 1035 238 1080 In
253 1030 508 1098 episcopatu
523 1027 778 1078 Turonenfi
795 1029 1032 1075 ordinante
1045 1030 1222 1092 AEgidio
1237 1030 1513 1084 Rhemense,
1529 1030 1623 1079 suc-

23 1098 146 1148 ce'ffit
160 1099 428 1165 Euphronio
444 1115 459 1144 .·
497 1096 622 1161 quod
635 1113 754 1142 anno
771 1096 963 1156 contigit
980 1099 1128 1140 Iotxxi
1143 1114 1157 1140 1
1173 1112 1186 1139 :
1199 1112 1248 1142 ut
1263 1098 1317 1143 ad
1330 1114 1434 1144 eum
1452 1114 1621 1145 annum

24 1165 264 1215 Matthaeus
286 1158 779 1213 Westmonastetiensis
805 1161 1054 1206 annotavit.
1097 1162 1184 1207 Sed
1211 1160 1355 1225 ipsum
1379 1163 1530 1227 potius
1545 1180 1624 1210 au-

20 1233 193 1278 diamus
208 1228 517 1278 Turonensem
534 1229 588 1275 de
610 1224 830 1273 miraculis
860 1226 904 1271 S.
923 1227 1110 1272 Martini
1125 1243 1220 1290 cap.
1235 1242 1272 1274 1:
1299 1233 1416 1276 Anno
1442 1246 1580 1277 cmxxx
1595 1245 1614 1275 1

15 1300 100 1360 possi
114 1297 318 1359 transitum
331 1306 369 1343 S.
384 1295 765 1342 MartiniAntiffitis2
784 1291 974 1354 sigeberto
990 1324 1003 1342 ,
1023 1291 1280 1354 gloriofiffimo
1304 1310 1389 1357 rege
1411 1312 1456 1341 xi
1472 1310 1492 1340 1
1517 1313 1624 1344 anno

22 1376 224 1426 regnante,
238 1366 320 1426 possi
330 1361 511 1420 excessum
526 1369 566 1407 S.
580 1360 787 1419 Euphronii
799 1358 963 1417 episcopi,
980 1373 1071 1403 onus
1085 1358 1286 1419 episcopale
1288 1360 1443 1422 ficscepi.
1485 1360 1621 1409 Obiit

22 1443 172 1476 autem
197 1432 243 1478 S.
269 1430 491 1475 Martinus
511 1443 631 1473 anno
657 1429 784 1470 Iotxx
801 1438 841 1467 1.
886 1421 1050 1488 Eoc'lue
1063 1423 1375 1472 Turonensem
1390 1425 1622 1492 episcopa-

21 1506 120 1541 tum
130 1494 313 1559 adeptus
331 1494 381 1540 fit
398 1493 639 1555 Gregorius
653 1490 850 1536 triennio
866 1489 965 1551 post
978 1522 991 1541 ,
1023 1489 1158 1552 quam
1178 1490 1357 1538 tradidit
1370 1493 1620 1543 Westmo-

23 1559 307 1607 nasterieusis.
346 1556 521 1622 Scripsit
543 1555 665 1602 libris
678 1570 711 1601 x
725 1555 952 1601 historiam
968 1557 1262 1601 Francorum:
1290 1555 1454 1621 quibus
1471 1560 1621 1622 postea

20 1622 48 1672 ὲ
72 1626 101 1670 F
115 1639 148 1671 R
164 1642 187 1671 E
209 1643 239 1673 n
255 1643 278 1673 ε
296 1643 323 1672 G
339 1640 366 1669 A
378 1639 410 1670 R
424 1641 437 1670 1
454 1641 500 1673 o,
516 1622 780 1668 undecimus
795 1620 856 1666 est
869 1620 1293 1680 adjectusPerducit
1308 1637 1457 1670 autem
1476 1624 1620 1672 histo-

18 1691 132 1747 riam
159 1692 406 1756 Gregorius
428 1691 482 1736 ad
495 1688 567 1735 sua
591 1684 728 1749 usque
751 1700 973 1749 tempora.
1015 1685 1257 1750 Appendix
1273 1689 1401 1742 vero,
1416 1686 1492 1737 seu
1505 1688 1621 1739 liber

18 1756 299 1807 undecimus,
317 1755 474 1804 definit
486 1757 533 1801 in
550 1751 702 1801 Karoli
718 1754 868 1816 magni
880 1750 1025 1798 obitu.
1069 1753 1118 1798 In
1132 1750 1220 1800 fine
1241 1752 1343 1800 libri
1356 1770 1383 1799 x
1407 1772 1616 1804 comme-

20 1836 167 1873 motat
196 1826 438 1888 Gregorius
460 1826 505 1868 δε
521 1818 611 1867 alia,
626 1851 637 1869 ‚
672 1835 766 1882 quae
792 1822 839 1864 in
853 1817 1000 1864 literas
1022 1817 1189 1866 retulit.
1223 1819 1377 1866 Verba
1391 1821 1483 1880 ejus
1500 1819 1618 1869 sunt:

18 1894 161 1936 Decem
173 1892 283 1937 libros
291 1891 564 1936 Historiarum,
564 1887 710 1948 septem
724 1886 1010 1943 miraculorum,
1016 1899 1137 1930 unum
1152 1886 1199 1931 de
1214 1887 1302 1932 vitis
1312 1899 1470 1947 patrum
1472 1887 1616 1949 scripst:

21 1953 64 1997 in
72 1953 241 2012 pfizlterii
252 1958 461 2002 traffatum
476 1953 618 1999 librum
637 1965 759 1996 unum
772 1952 1146 2010 commentatussscm
1166 1966 1178 1997 :
1191 1952 1236 1997 de
1249 1952 1409 2011 cursibus
1420 1956 1540 2000 etiam
1554 1951 1619 2000 ec-

20 2016 227 2077 clqllaffica
240 2035 361 2067 unum
375 2020 517 2065 librum
527 2018 690 2064 condidi.
725 2014 919 2077 Subjicit
931 2017 1133 2078 quaedam
1149 2018 1311 2064 deinde
1324 2049 1337 2067 ‚
1356 2017 1520 2081 quibus
1532 2019 1613 2066 ad-

18 2083 137 2144 iurat
150 2085 380 2133 librarium
396 2114 411 2134 ‚
444 2099 576 2146 atque
594 2081 704 2130 alios
730 2114 742 2133 ,
782 2082 950 2145 nequid
963 2079 1086 2127 libris
1100 2079 1183 2129 suis
1200 2114 1211 2131 ‚
1227 2079 1305 2129 etfi
1322 2082 1432 2145 stylo
1448 2085 1609 2132 rustico

20 2146 208 2216 scriptis,
225 2154 422 2204 demant,
439 2148 509 2197 vel
522 2150 567 2194 in
583 2150 635 2195 iis
648 2150 908 2195 immutent.
945 2149 1069 2193 Οέὶο
1097 2145 1275 2212 insuper
1297 2147 1405 2196 alios
1420 2166 1616 2215 compo-

20 2211 104 2263 filit
115 2215 254 2266 libros
270 2246 282 2266 ‚
307 2233 423 2281 quos
449 2213 680 2278 hodiet'lue
696 2213 930 2260 habemus.
970 2215 1142 2259 Eorum
1159 2229 1469 2277 argumentum
1478 2218 1616 2280 ponit

23 2281 280 2342 praefatione
294 2281 392 2328 libri
405 2283 459 2327 de
474 2279 616 2343 gloria
630 2278 949 2327 Confeffotum
964 2298 974 2325 :
1013 2287 1056 2324 In
1066 2282 1206 2340 primo,
1218 2281 1295 2332 ait,
1310 2282 1430 2327 libello
1447 2282 1613 2343 instrui-

22 2361 105 2394 mus
116 2351 251 2410 aliqua
262 2350 308 2394 de
321 2349 510 2394 miraculis
525 2347 702 2394 Domini,
717 2348 994 2408 acstznstorum
1009 2343 1290 2405 Apostolorum,
1306 2349 1618 2410 reliquorumque

24 2412 271 2481 Martyrum,
291 2429 369 2474 quae
383 2414 559 2458 haetenus
571 2413 785 2464 latuerunt,
798 2426 876 2473 quae
889 2419 990 2456 Deus
1003 2412 1055 2455 ad
1063 2411 1378 2458 corroborandum
1382 2413 1504 2474 fidem
1516 2429 1619 2474 quo-

22 2479 116 2526 tidie
127 2481 308 2540 dignatur
318 2493 474 2541 augere·
498 2475 730 2540 *grnfiecundo
737 2477 929 2538 pofiaeimus
942 2477 989 2537 de
1003 2476 1208 2530 virtutibm
1228 2487 1270 2524 S.
1289 2479 1445 2524 Iuliani.
1483 2484 1615 2547 Q-

22 2555 113 2590 tuor
132 2541 220 2591 verb
242 2545 382 2590 libellos
406 2544 452 2587 de
472 2542 682 2589 virtutibus
705 2550 742 2587 S.
760 2544 940 2588 Martini.
981 2542 1193 2602 Septimum
1211 2544 1619 2607 de.quorundamfeli-=

22 2607 205 2669 ciofhrum
219 2611 320 2656 vita.
356 2609 548 2654 Ottavum
570 2606 671 2652 hunc
686 2608 887 2667 firibimus
910 2609 1155 2653 demiraculis
1176 2608 1434 2670 confeſjbrum.
1472 2613 1621 2657 Etiam

20 2670 183 2738 scripfit
207 2673 264 2721 de
290 2671 528 2740 virtutibus
560 2672 744 2720 Senoch
765 2671 969 2725 Abbatis,
984 2673 1142 2736 quasis
1158 2672 1477 2740 ergainfitmos
1491 2687 1626 2722 exet-

897 2742 918 2786 Ι
934 2740 951 2785 i
986 2756 1006 2801 3
1042 2756 1045 2759 “
1459 2751 1621 2787 cueratz
