2095 3065
381 107 1074 157 nnHisTon.LA·1·1n.
1120 108 1339 153 L113.I.
1624 120 1688 164 99*

57 196 226 233 matum
247 177 272 226 a
306 178 397 224 Cn.
420 178 666 240 Pompejo:
705 169 728 216 ὲ
752 189 847 235 quo
873 170 1169 221 &vetii-imile
1188 174 1247 219 est
1274 171 1480 238 Pompeji
1505 186 1677 217 nomen

61 243 279 312 'accepiffe
304 260 316 290 ε
354 243 590 308 quomodo
619 240 880 286 Demetrius·
903 244 1059 302 Megas
1082 270 1097 289 2
1141 238 1244 285 cum
1280 242 1321 286 ei
1349 243 1401 285 P.
1428 235 1675 287 Cornelius

71 310 311 364 Dolabella
337 313 559 357 civitatem
589 302 861 368 impetraffet
889 336 903 356 ‚
953 302 1100 352 Publii
1130 305 1337 352 Cornelii
1353 321 1522 352 nomen
1548 320 1674 350 acce-

73 383 140 447 pit
163 398 175 426 :
217 394 264 425 ut
293 379 459 425 Cicero
485 376 539 420 acl
560 371 755 421 Acilium
769 374 926 420 aud'cor
949 373 1027 420 est.
1072 377 1114 419 Is
1141 373 1316 419 videtur
1339 370 1462 417 fuiffe
1488 371 1558 420 vir
1582 373 1673 416 vir-

76 445 247 494 tutibus
264 442 448 505 inclytus
479 457 489 486 :
525 437 675 504 eoque
701 436 832 500 plane
856 439 963 487 alius
983 440 1067 485 erit
1084 440 1237 502 Trogi*
1253 452 1376 501 pater
1401 437 1425 484 ὲι
1451 440 1503 483 T.
1525 434 1675 499 Quin·

75 511 169 561 &io
185 513 339 573 Trogo
357 542 368 560 ‚
408 507 596 554 homine
613 502 827 552 sceleroso
843 537 858 557 ‚
902 521 1036 571 quem
1065 507 1217 570 capitis
1233 500 1447 550 accusavit
1474 506 1541 548 M.
1566 506 1671 548 Ser-

73 581 175 643 gius
204 606 217 626 ,
255 575 395 623 Manii
413 572 528 620 filius
553 604 566 623 ‚
594 571 800 635 quaestor·
850 576 963 637 Qo
989 573 1044 619 de
1072 577 1217 627 Varro
1243 569 1445 634 pluribus
1471 582 1672 615 extremo

74 643 159 693 lib·
175 660 206 692 v
234 644 287 689 de
322 644 375 688 L·
398 643 447 688 L.
481 639 566 686 Sed
587 640 642 684 de
664 638 802 701 patria
825 639 1084 686 diffentiunt
1107 636 1333 685 nonnulli·
1392 637 1512 682 Nam
1533 638 1676 698 Joan-

75 726 155 758 nes
194 704 489 755 Gerundensis
526 706 657 750 initio
682 702 997 766 ωθὲφλιπομᾶἰόων
1026 703 1248 771 Hispaniae
1275 738 1287 755 ,
1339 704 1545 765 Trogum
1570 701 1678 746 dicit

77 773 327 839 Hispanum
362 770 498 819 fuiffe.
540 773 591 816 Ei
622 786 706 815 nos
736 766 1371 838 opponimusJustinum‚'five
1409 770 1612 830 Trogum
1637 768 1677 811 i-

79 837 204 906 psum
223 872 233 892 ‚
250 841 328 903 qui
349 835 389 885 se
406 837 581 885 Gallum
597 835 718 881 facit·
767 834 987 885 Diffensus
1003 854 1189 902 quoque
1209 839 1270 883 est
1295 837 1350 881 de
1373 849 1517 880 aetate.
1555 834 1678 879 Nam

82 905 395 954 Genebratdus
417 907 478 951 nin
510 900 737 948 Chronol·
792 901 989 967 equue
1021 903 1191 952 secutus
1218 905 1262 948 in
1291 907 1437 965 prima
1476 900 1679 945 editione

79 971 353 1020 Tabularum
383 966 891 1032 Chronographicarum
920 966 1118 1034 Jacobus
1153 967 1404 1015 GualterIus
1439 998 1452 1021 ‚
1506 963 1686 1017 retulit,

78 1040 289 1101 Trogum
328 1034 521 1083 floruisse
557 1038 608 1081 iis
634 1034 916 1098 temporibus
953 1046 989 1097 ,ξ
1027 1035 1191 1102 quibus
1221 1030 1679 1092 Christus'Salvator.

78 1103 254 1152 Verum
286 1104 470 1166 Augusti
506 1102 689 1166 quidem
724 1116 850 1148 aetate
889 1100 974 1149 fuit
1004 1121 1014 1149 :
1074 1100 1144 1155 sed
1177 1098 1355 1147 fortaffe
1385 1099 1560 1146 obierat
1593 1097 1681 1156 jam

79 1185 182 1218 ante
217 1185 373 1216 natum
411 1168 637 1214 Christum
657 1197 666 1208 -
731 1164 962 1231 Philippus
1002 1172 1240 1233 Bergomas
1280 1169 1326 1211 in
1366 1164 1679 1230 supplemento

80 1236 258 1283 Chron.
286 1240 448 1282 &ante
463 1251 563 1281 eum
585 1232 820 1280 Gualterus
844 1234 1033 1281 Burlaeus
1057 1237 1103 1280 in
1126 1233 1245 1281 libro
1272 1233 1327 1279 de
1357 1234 1462 1280 vitis
1476 1225 1679 1295 philoso-

79 1301 292 1368 phorum,
306 1302 524 1348 tradidere
544 1335 553 1352 ,
573 1303 780 1362 Trogum
797 1298 915 1346 hunc
929 1298 1051 1348 fuiffe
1065 1314 1384 1365 praeceptorem
1401 1293 1562 1362 Justini
1580 1329 1589 1346 ‚
1635 1311 1683 1342 ac

81 1383 324 1431 utrumque
348 1364 542 1412 claruisse
572 1380 778 1428 tempore
794 1369 1016 1414 Antonini
1050 1368 1132 1412 Pii.
1169 1367 1251 1413 Sed
1268 1361 1594 1416 hocsomnium
1609 1364 1681 1409 iis,

79 1449 180 1498 quae
205 1435 424 1487 diximus,
453 1429 550 1478 satis
572 1429 804 1478 refellitur.
850 1431 1032 1498 Scripsit
1048 1434 1227 1497 Trogus
1256 1429 1604 1493 Philippicarum
1621 1427 1688 1473 hi-

81 1500 313 1547 storiarum
328 1497 467 1544 libros
486 1514 625 1546 xxiv,
654 1513 842 1559 quarum
865 1516 986 1545 nunc
1015 1503 1249 1561 epitomen
1278 1493 1433 1547 solam,
1453 1495 1476 1540 ὲ
1506 1490 1685 1558 Justino

83 1567 400 1612 concinnatam
430 1562 662 1609 habemus·
736 1562 1004 1627 Philippicas
1041 1576 1191 1610 aurem
1221 1560 1453 1626 appellavit
1481 1558 1685 1623 exemplo
1714 1580 1719 1581 ⁷

88 1629 402 1693 Theopompi.
425 1627 537 1674 Sane
554 1629 689 1674 etiam
704 1630 871 1675 Cicero
889 1632 1114 1676 orationes
1137 1627 1228 1674 suas
1248 1625 1517 1690 Philippicas
1533 1641 1689 1672 exem-

85 1694 165 1762 plo
183 1693 504 1741 Demosthenis
519 1695 694 1740 vocavit
708 1724 723 1744 ‚
756 1695 883 1757 quod
898 1724 911 1743 ‚
940 1711 987 1741 ut
1002 1694 1076 1741 hic
1092 1697 1138 1740 in
1157 1692 1412 1757 Philippum
1429 1724 1442 1747 ,
1470 1687 1626 1755 itaipse
1643 1692 1694 1752 in

86 1763 343 1810 Antonium
361 1758 657 1806 inveheretur.
694 1762 784 1806 Sed
799 1760 972 1807 meliori
989 1761 1083 1820 jure
1108 1764 1285 1824 Trogus
1302 1791 1313 1808 ,
1332 1757 1451 1817 cujus
1466 1757 1566 1804 libri
1581 1773 1693 1821 pro-

87 1845 144 1894 pe
166 1842 325 1874 omnes
341 1826 394 1871 de
413 1825 604 1888 imperio
618 1824 868 1889 Philippico
886 1860 898 1878 ,
913 1825 1013 1873 hoc
1039 1828 1099 1873 est
1128 1826 1454 1877 Macedonico,
1481 1823 1687 1888 agebant.

91 1896 213 1942 Nam
237 1892 261 1938 a
285 1889 402 1937 libro
421 1887 612 1955 septimo
627 1890 826 1955 usquead
842 1907 925 1938 xtr
939 1915 953 1941 ·,
982 1895 1137 1939 ttacfitat
1150 1894 1204 1939 de
1218 1908 1358 1955 regno
1377 1892 1695 1944 Macedonico,

89 1963 217 2022 cujus
240 1957 426 2019 dignitas
453 1957 719 2021 principium
736 1955 861 2003 suum
876 1957 1011 2006 debet
1040 1958 1250 2022 Philippo
1266 1957 1437 2020 Magno
1458 1988 1470 2006 ‚
1502 1958 1614 2019 patri
1632 1958 1696 2001 A-

91 2025 308 2073 lexandti.
332 2023 515 2086 Septem
528 2024 632 2069 vero
646 2022 786 2069 libros
805 2025 972 2086 primos
985 2022 1243 2089 Bongarfius
1259 2021 1462 2070 censebat
1478 2022 1562 2070 effe
1576 2030 1696 2068 Mun-

93 2094 134 2138 di
154 2092 338 2154 origines:
387 2105 494 2151 quas
517 2105 722 2137 veterum
746 2087 965 2135 librorum
988 2088 1215 2154 inscriptio
1244 2088 1505 2152 pollicetur:
1535 2104 1577 2135 at
1594 2102 1699 2134 terrm

82 2157 197 2220 sitm,
217 2155 475 2219 quasiidem
493 2157 763 2217 promittunt
786 2184 800 2205 ,
828 2153 920 2214 jure
936 2154 1170 2202 arbitratur
1185 2154 1268 2202 effe
1294 2153 1610 2219 descriptiones
1627 2171 1696 2200 re-

93 2224 281 2286 gionum
298 2253 311 2272 ‚
342 2237 440 2283 quae
467 2221 489 2265 a
511 2216 687 2283 Justino
720 2222 900 2284 quidem
919 2219 1082 2268 omiffae
1095 2254 1106 2271 ‚
1122 2222 1145 2267 ὲ
1166 2224 1322 2286 Trogo
1339 2223 1446 2267 vero
1464 2239 1558 2268 non
1574 2222 1702 2267 item:

97 2286 224 2351 quod
236 2287 478 2332 ostendunt
501 2285 676 2349 prologi
690 2285 744 2332 ab
759 2289 923 2333 eodem
942 2285 1181 2351 Bongarfio
1197 2290 1303 2334 editi
1318 2304 1370 2334 ex
1383 2289 1697 2335 coddMSSis.

98 2355 304 2415 Trogum
329 2349 450 2397 hunc
481 2349 762 2398 disertissimis
788 2355 889 2400 viris
919 2355 965 2399 in
993 2352 1145 2399 Probo
1176 2369 1438 2401 annumerat
1466 2351 1700 2418 Vopiscus:

96 2419 166 2467 Ut
183 2416 332 2464 cauffae
347 2415 458 2461 nihil
474 2414 539 2467 fit,
557 2433 633 2463 cur
648 2416 780 2464 fidem
798 2421 942 2466 minus
962 2419 1204 2465 habeamus
1225 2414 1525 2483 Justino,cum
1541 2424 1584 2465 in
1602 2436 1699 2482 pre*

100 2480 377 2530 fatione'sffii,
396 2490 501 2528 eum
518 2484 644 2529 virum
664 2484 781 2544 priscae
796 2488 1012 2544 eloquentiae
1026 2478 1229 2548 appellat.
1272 2490 1551 2545 &verissimum
1568 2488 1703 2530 austo-

103 2562 186 2593 rem
200 2563 328 2594 vocat
343 2549 535 2594 eundem
552 2547 734 2594 Plinius.
781 2553 871 2609 Qi
889 2550 1048 2597 crebro
1063 2551 1155 2610 ejus
1172 2554 1379 2598 meminit
1396 2555 1442 2598 in
1461 2553 1570 2597 Hist.
1596 2552 1702 2604 Nat.

101 2615 321 2676 imprimis
354 2615 400 2658 in
432 2615 575 2678 indice
606 2618 871 2670 audiorum',
904 2616 925 2662 ὲ
957 2613 1358 2681 ςυὶᾖυέρϊοῐεείῑ-
1404 2621 1469 2680 ΠΕ
1497 2616 1713 2663 omittam

105 2677 354 2748 Charisium
366 2679 443 2742 qui
462 2684 556 2741 ejus
573 2680 627 2727 de
642 2680 902 2730 animalibus
914 2681 1054 2729 libros
1068 2685 1173 2729 citat
1194 2696 1216 2737 ,’
1237 2686 1376 2745 (unde
1390 2683 1599 2747 pleraque
1619 2680 1707 2724 Pli—

469 2765 471 2768 '
1014 2751 1061 2796 Ν
1106 2767 1129 2795 2.
1606 2746 1704 2791 nius
